timestamp,longitude,latitude,speed,direction
2019-01-24T08:22:37.000Z,3.1087830000000003,51.543467,31,22000
2019-01-24T08:22:37.000Z,3.1087830000000003,51.543467,31,22000
2019-01-24T08:22:37.000Z,3.1087830000000003,51.543467,31,22000
2019-01-24T08:27:08.000Z,3.0864830000000003,51.526183,31,21730
2019-01-24T08:27:08.000Z,3.0864830000000003,51.526183,31,21730
2019-01-24T08:27:08.000Z,3.0864830000000003,51.526183,31,21730
2019-01-24T08:29:56.000Z,3.0737330000000003,51.515567,31,21700
2019-01-24T08:29:56.000Z,3.0737330000000003,51.515567,31,21700
2019-01-24T08:29:56.000Z,3.0737330000000003,51.515567,31,21700
2019-01-24T08:37:38.000Z,3.0386330000000004,51.4864,32,21670
2019-01-24T08:37:38.000Z,3.0386330000000004,51.4864,32,21670
2019-01-24T08:37:38.000Z,3.0386330000000004,51.4864,32,21670
2019-01-24T08:40:31.000Z,3.025783,51.474933,32,21140
2019-01-24T08:40:31.000Z,3.025783,51.474933,32,21140
2019-01-24T08:40:31.000Z,3.025783,51.474933,32,21140
2019-01-24T08:43:47.000Z,3.012717,51.461833,32,21140
2019-01-24T08:43:47.000Z,3.012717,51.461833,32,21140
2019-01-24T08:43:47.000Z,3.012717,51.461833,32,21140
2019-01-24T08:48:32.000Z,2.9996,51.440883,30,18610
2019-01-24T08:48:32.000Z,2.9996,51.440883,30,18610
2019-01-24T08:48:32.000Z,2.9996,51.440883,30,18610
2019-01-24T08:55:35.000Z,3.014517,51.412967,29,13700
2019-01-24T08:55:35.000Z,3.014517,51.412967,29,13700
2019-01-24T08:55:35.000Z,3.014517,51.412967,29,13700
2019-01-24T08:59:50.000Z,3.0422830000000003,51.4077,28,10300
2019-01-24T08:59:50.000Z,3.0422830000000003,51.4077,28,10300
2019-01-24T08:59:50.000Z,3.0422830000000003,51.4077,28,10300
2019-01-24T09:04:50.000Z,3.074233,51.402317,27,10470
2019-01-24T09:04:50.000Z,3.074233,51.402317,27,10470
2019-01-24T09:04:50.000Z,3.074233,51.402317,27,10470
2019-01-24T09:07:18.000Z,3.089967,51.39973300000001,26,9660
2019-01-24T09:07:18.000Z,3.089967,51.39973300000001,26,9660
2019-01-24T09:07:18.000Z,3.089967,51.39973300000001,26,9660
2019-01-24T10:13:15.000Z,3.50095,51.416967,20,8490
2019-01-24T10:13:15.000Z,3.50095,51.416967,20,8490
2019-01-24T10:13:15.000Z,3.50095,51.416967,20,8490
2019-01-24T10:15:25.000Z,3.5106,51.417567,17,8320
2019-01-24T10:15:25.000Z,3.5106,51.417567,17,8320
2019-01-24T10:15:25.000Z,3.5106,51.417567,17,8320
2019-01-24T10:20:06.000Z,3.527683,51.418767,14,8320
2019-01-24T10:20:06.000Z,3.527683,51.418767,14,8320
2019-01-24T10:20:06.000Z,3.527683,51.418767,14,8320
2019-01-24T10:21:26.000Z,3.532217,51.419117,14,8380
2019-01-24T10:21:26.000Z,3.532217,51.419117,14,8380
2019-01-24T10:21:26.000Z,3.532217,51.419117,14,8380
2019-01-24T10:28:04.000Z,3.559283,51.42093300000001,22,8420
2019-01-24T10:28:04.000Z,3.559283,51.42093300000001,22,8420
2019-01-24T10:28:04.000Z,3.559283,51.42093300000001,22,8420
2019-01-24T10:32:33.000Z,3.58655,51.426183,27,7050
2019-01-24T10:32:33.000Z,3.58655,51.426183,27,7050
2019-01-24T10:32:33.000Z,3.58655,51.426183,27,7050
2019-01-24T10:35:56.000Z,3.606667,51.430283,25,7250
2019-01-24T10:35:56.000Z,3.606667,51.430283,25,7250
2019-01-24T10:35:56.000Z,3.606667,51.430283,25,7250
2019-01-24T10:40:42.000Z,3.633967,51.43575,25,7360
2019-01-24T10:40:42.000Z,3.633967,51.43575,25,7360
2019-01-24T10:40:42.000Z,3.633967,51.43575,25,7360
2019-01-24T10:43:43.000Z,3.651067,51.4393,25,7440
2019-01-24T10:43:43.000Z,3.651067,51.4393,25,7440
2019-01-24T10:43:43.000Z,3.651067,51.4393,25,7440
2019-01-24T10:47:52.000Z,3.6748,51.435217,24,12360
2019-01-24T10:47:52.000Z,3.6748,51.435217,24,12360
2019-01-24T10:47:52.000Z,3.6748,51.435217,24,12360
2019-01-24T10:52:11.000Z,3.695033,51.425467,25,13250
2019-01-24T10:52:11.000Z,3.695033,51.425467,25,13250
2019-01-24T10:52:11.000Z,3.695033,51.425467,25,13250
2019-01-24T10:55:45.000Z,3.706533,51.41455,24,16520
2019-01-24T10:55:45.000Z,3.706533,51.41455,24,16520
2019-01-24T10:55:45.000Z,3.706533,51.41455,24,16520
2019-01-24T11:01:11.000Z,3.710267,51.39485,24,17940
2019-01-24T11:01:11.000Z,3.710267,51.39485,24,17940
2019-01-24T11:01:11.000Z,3.710267,51.39485,24,17940
2019-01-24T11:03:33.000Z,3.713017,51.3868,23,15720
2019-01-24T11:03:33.000Z,3.713017,51.3868,23,15720
2019-01-24T11:03:33.000Z,3.713017,51.3868,23,15720
2019-01-24T11:08:22.000Z,3.7301,51.37295,24,13430
2019-01-24T11:08:22.000Z,3.7301,51.37295,24,13430
2019-01-24T11:08:22.000Z,3.7301,51.37295,24,13430
2019-01-24T11:12:34.000Z,3.750417,51.364183,25,11860
2019-01-24T11:12:34.000Z,3.750417,51.364183,25,11860
2019-01-24T11:12:34.000Z,3.750417,51.364183,25,11860
2019-01-24T11:16:00.000Z,3.769133,51.35805,25,11680
2019-01-24T11:16:00.000Z,3.769133,51.35805,25,11680
2019-01-24T11:16:00.000Z,3.769133,51.35805,25,11680
2019-01-24T11:20:24.000Z,3.792783,51.350733,25,11470
2019-01-24T11:20:24.000Z,3.792783,51.350733,25,11470
2019-01-24T11:20:24.000Z,3.792783,51.350733,25,11470
2019-01-24T11:24:32.000Z,3.81645,51.345883,24,9810
2019-01-24T11:24:32.000Z,3.81645,51.345883,24,9810
2019-01-24T11:24:32.000Z,3.81645,51.345883,24,9810
2019-01-24T11:27:52.000Z,3.836283,51.344917,25,9550
2019-01-24T11:27:52.000Z,3.836283,51.344917,25,9550
2019-01-24T11:27:52.000Z,3.836283,51.344917,25,9550
2019-01-24T11:32:21.000Z,3.863467,51.3468,25,7700
2019-01-24T11:32:21.000Z,3.863467,51.3468,25,7700
2019-01-24T11:32:21.000Z,3.863467,51.3468,25,7700
2019-01-24T11:36:25.000Z,3.887,51.35185,25,6550
2019-01-24T11:36:25.000Z,3.887,51.35185,25,6550
2019-01-24T11:36:25.000Z,3.887,51.35185,25,6550
2019-01-24T11:39:34.000Z,3.902467,51.3587,25,5310
2019-01-24T11:39:34.000Z,3.902467,51.3587,25,5310
2019-01-24T11:39:34.000Z,3.902467,51.3587,25,5310
2019-01-24T11:43:47.000Z,3.9233,51.368983,27,5160
2019-01-24T11:43:47.000Z,3.9233,51.368983,27,5160
2019-01-24T11:43:47.000Z,3.9233,51.368983,27,5160
2019-01-24T11:47:57.000Z,3.943767,51.380217,26,4380
2019-01-24T11:47:57.000Z,3.943767,51.380217,26,4380
2019-01-24T11:47:57.000Z,3.943767,51.380217,26,4380
2019-01-24T11:52:04.000Z,3.954833,51.39495,27,1420
2019-01-24T11:52:04.000Z,3.954833,51.39495,27,1420
2019-01-24T11:52:04.000Z,3.954833,51.39495,27,1420
2019-01-24T11:56:12.000Z,3.962283,51.41075,27,2030
2019-01-24T11:56:12.000Z,3.962283,51.41075,27,2030
2019-01-24T11:56:12.000Z,3.962283,51.41075,27,2030
2019-01-24T11:59:41.000Z,3.971183,51.424067,27,2840
2019-01-24T11:59:41.000Z,3.971183,51.424067,27,2840
2019-01-24T11:59:41.000Z,3.971183,51.424067,27,2840
2019-01-24T12:04:00.000Z,3.991883,51.436133,28,6800
2019-01-24T12:04:00.000Z,3.991883,51.436133,28,6800
2019-01-24T12:04:00.000Z,3.991883,51.436133,28,6800
2019-01-24T12:08:08.000Z,4.014983,51.43098300000001,23,13170
2019-01-24T12:08:08.000Z,4.014983,51.43098300000001,23,13170
2019-01-24T12:08:08.000Z,4.014983,51.43098300000001,23,13170
2019-01-24T12:11:43.000Z,4.02745,51.42100000000001,23,15240
2019-01-24T12:11:43.000Z,4.02745,51.42100000000001,23,15240
2019-01-24T12:11:43.000Z,4.02745,51.42100000000001,23,15240
2019-01-24T12:15:44.000Z,4.0321669999999985,51.407217,23,17770
2019-01-24T12:15:44.000Z,4.0321669999999985,51.407217,23,17770
2019-01-24T12:15:44.000Z,4.0321669999999985,51.407217,23,17770
2019-01-24T12:20:27.000Z,4.03405,51.391117,22,17480
2019-01-24T12:20:27.000Z,4.03405,51.391117,22,17480
2019-01-24T12:20:27.000Z,4.03405,51.391117,22,17480
2019-01-24T12:24:24.000Z,4.04265,51.378833,22,14470
2019-01-24T12:24:24.000Z,4.04265,51.378833,22,14470
2019-01-24T12:24:24.000Z,4.04265,51.378833,22,14470
2019-01-24T12:27:45.000Z,4.058233,51.372967,22,10800
2019-01-24T12:27:45.000Z,4.058233,51.372967,22,10800
2019-01-24T12:27:45.000Z,4.058233,51.372967,22,10800
2019-01-24T12:32:07.000Z,4.082083,51.369083,24,10320
2019-01-24T12:32:07.000Z,4.082083,51.369083,24,10320
2019-01-24T12:32:07.000Z,4.082083,51.369083,24,10320
2019-01-24T12:36:32.000Z,4.106833,51.3682,24,8200
2019-01-24T12:36:32.000Z,4.106833,51.3682,24,8200
2019-01-24T12:36:32.000Z,4.106833,51.3682,24,8200
2019-01-24T12:39:48.000Z,4.12645,51.37035,25,7830
2019-01-24T12:39:48.000Z,4.12645,51.37035,25,7830
2019-01-24T12:39:48.000Z,4.12645,51.37035,25,7830
2019-01-24T12:44:15.000Z,4.151217,51.375667,23,5510
2019-01-24T12:44:15.000Z,4.151217,51.375667,23,5510
2019-01-24T12:44:15.000Z,4.151217,51.375667,23,5510
2019-01-24T12:47:30.000Z,4.163917,51.3836,23,3700
2019-01-24T12:47:30.000Z,4.163917,51.3836,23,3700
2019-01-24T12:47:30.000Z,4.163917,51.3836,23,3700
2019-01-24T12:52:17.000Z,4.182183,51.396183,23,4920
2019-01-24T12:52:17.000Z,4.182183,51.396183,23,4920
2019-01-24T12:52:17.000Z,4.182183,51.396183,23,4920
2019-01-24T12:55:41.000Z,4.2002169999999985,51.397,22,11340
2019-01-24T12:55:41.000Z,4.2002169999999985,51.397,22,11340
2019-01-24T12:55:41.000Z,4.2002169999999985,51.397,22,11340
2019-01-24T12:59:31.000Z,4.211433,51.38625,25,16500
2019-01-24T12:59:31.000Z,4.211433,51.38625,25,16500
2019-01-24T12:59:31.000Z,4.211433,51.38625,25,16500
2019-01-24T13:03:32.000Z,4.2174,51.370433,27,16520
2019-01-24T13:03:32.000Z,4.2174,51.370433,27,16520
2019-01-24T13:03:32.000Z,4.2174,51.370433,27,16520
2019-01-24T13:08:23.000Z,4.23275,51.355383,23,12140
2019-01-24T13:08:23.000Z,4.23275,51.355383,23,12140
2019-01-24T13:08:23.000Z,4.23275,51.355383,23,12140
2019-01-24T13:11:56.000Z,4.250933,51.34995,23,11250
2019-01-24T13:11:56.000Z,4.250933,51.34995,23,11250
2019-01-24T13:11:56.000Z,4.250933,51.34995,23,11250
2019-01-24T13:16:00.000Z,4.267583,51.342567,18,14460
2019-01-24T13:16:00.000Z,4.267583,51.342567,18,14460
2019-01-24T13:16:00.000Z,4.267583,51.342567,18,14460
2019-01-24T13:20:11.000Z,4.272267,51.331967,18,17260
2019-01-24T13:20:11.000Z,4.272267,51.331967,18,17260
2019-01-24T13:20:11.000Z,4.272267,51.331967,18,17260
2019-01-24T13:30:08.000Z,4.27145,51.308717,13,16750
2019-01-24T13:30:08.000Z,4.27145,51.308717,13,16750
2019-01-24T13:30:08.000Z,4.27145,51.308717,13,16750
2019-01-24T13:31:21.000Z,4.2722,51.306367,12,16920
2019-01-24T13:31:21.000Z,4.2722,51.306367,12,16920
2019-01-24T13:31:21.000Z,4.2722,51.306367,12,16920
2019-01-24T13:34:26.000Z,4.2696830000000014,51.3017,10,21420
2019-01-24T13:34:26.000Z,4.2696830000000014,51.3017,10,21420
2019-01-24T13:34:26.000Z,4.2696830000000014,51.3017,10,21420
2019-01-24T13:38:05.000Z,4.265833,51.2982,7,21310
2019-01-24T13:38:05.000Z,4.265833,51.2982,7,21310
2019-01-24T13:38:05.000Z,4.265833,51.2982,7,21310
2019-01-24T13:40:43.000Z,4.26335,51.2957,7,21220
2019-01-24T13:40:43.000Z,4.26335,51.2957,7,21220
2019-01-24T13:40:43.000Z,4.26335,51.2957,7,21220
2019-01-24T13:46:22.000Z,4.258683,51.292233,2,23780
2019-01-24T13:46:22.000Z,4.258683,51.292233,2,23780
2019-01-24T13:46:22.000Z,4.258683,51.292233,2,23780
2019-01-24T13:48:44.000Z,4.2579,51.292,0,27000
2019-01-24T13:48:44.000Z,4.2579,51.292,0,27000
2019-01-24T13:48:44.000Z,4.2579,51.292,0,27000
2019-01-24T13:55:15.000Z,4.25805,51.292567,189,27000
2019-01-24T13:55:15.000Z,4.25805,51.292567,189,27000
2019-01-24T13:55:15.000Z,4.25805,51.292567,189,27000
2019-01-24T13:57:56.000Z,4.258,51.292533,189,27000
2019-01-24T13:57:56.000Z,4.258,51.292533,189,27000
2019-01-24T13:57:56.000Z,4.258,51.292533,189,27000
2019-01-24T14:03:01.000Z,4.258,51.292567,189,27000
2019-01-24T14:03:01.000Z,4.258,51.292567,189,27000
2019-01-24T14:03:01.000Z,4.258,51.292567,189,27000
2019-01-24T14:04:01.000Z,4.2578830000000005,51.292617,189,27000
2019-01-24T14:04:01.000Z,4.2578830000000005,51.292617,189,27000
2019-01-24T14:04:01.000Z,4.2578830000000005,51.292617,189,27000
2019-01-24T14:07:43.000Z,4.257983,51.29255,0,10
2019-01-24T14:07:43.000Z,4.257983,51.29255,0,10
2019-01-24T14:07:43.000Z,4.257983,51.29255,0,10
2019-01-24T14:13:42.000Z,4.258083,51.29255,0,10
2019-01-24T14:13:42.000Z,4.258083,51.29255,0,10
2019-01-24T14:13:42.000Z,4.258083,51.29255,0,10
2019-01-24T14:16:43.000Z,4.258,51.292617,0,10
2019-01-24T14:16:43.000Z,4.258,51.292617,0,10
2019-01-24T14:16:43.000Z,4.258,51.292617,0,10
2019-01-24T14:22:43.000Z,4.257933,51.29255,0,10
2019-01-24T14:22:43.000Z,4.257933,51.29255,0,10
2019-01-24T14:22:43.000Z,4.257933,51.29255,0,10
2019-01-24T14:28:41.000Z,4.25815,51.292683,0,10
2019-01-24T14:28:41.000Z,4.25815,51.292683,0,10
2019-01-24T14:28:41.000Z,4.25815,51.292683,0,10
2019-01-24T14:40:40.000Z,4.258033,51.292617,0,10
2019-01-24T14:40:40.000Z,4.258033,51.292617,0,10
2019-01-24T14:40:40.000Z,4.258033,51.292617,0,10
2019-01-24T14:46:42.000Z,4.258,51.2926,0,10
2019-01-24T14:46:42.000Z,4.258,51.2926,0,10
2019-01-24T14:46:42.000Z,4.258,51.2926,0,10
2019-01-24T14:49:44.000Z,4.258,51.2926,0,10
2019-01-24T14:49:44.000Z,4.258,51.2926,0,10
2019-01-24T14:49:44.000Z,4.258,51.2926,0,10
2019-01-24T14:52:56.000Z,4.258,51.292567,0,10
2019-01-24T14:52:56.000Z,4.258,51.292567,0,10
2019-01-24T14:52:56.000Z,4.258,51.292567,0,10
2019-01-24T14:58:41.000Z,4.258033,51.2925,0,10
2019-01-24T14:58:41.000Z,4.258033,51.2925,0,10
2019-01-24T14:58:41.000Z,4.258033,51.2925,0,10
2019-01-24T15:07:41.000Z,4.25795,51.2925,0,10
2019-01-24T15:07:41.000Z,4.25795,51.2925,0,10
2019-01-24T15:07:41.000Z,4.25795,51.2925,0,10
2019-01-24T15:13:41.000Z,4.258017,51.292567,0,10
2019-01-24T15:13:41.000Z,4.258017,51.292567,0,10
2019-01-24T15:13:41.000Z,4.258017,51.292567,0,10
2019-01-24T15:16:42.000Z,4.257983,51.292617,0,10
2019-01-24T15:16:42.000Z,4.257983,51.292617,0,10
2019-01-24T15:16:42.000Z,4.257983,51.292617,0,10
2019-01-24T15:22:41.000Z,4.257967,51.2926,0,10
2019-01-24T15:22:41.000Z,4.257967,51.2926,0,10
2019-01-24T15:22:41.000Z,4.257967,51.2926,0,10
2019-01-24T15:28:42.000Z,4.258017,51.29255,0,10
2019-01-24T15:28:42.000Z,4.258017,51.29255,0,10
2019-01-24T15:28:42.000Z,4.258017,51.29255,0,10
2019-01-24T15:34:41.000Z,4.25805,51.292517,0,10
2019-01-24T15:34:41.000Z,4.25805,51.292517,0,10
2019-01-24T15:34:41.000Z,4.25805,51.292517,0,10
2019-01-24T15:40:41.000Z,4.258017,51.29255,0,10
2019-01-24T15:40:41.000Z,4.258017,51.29255,0,10
2019-01-24T15:40:41.000Z,4.258017,51.29255,0,10
2019-01-24T15:46:42.000Z,4.258033,51.292567,0,10
2019-01-24T15:46:42.000Z,4.258033,51.292567,0,10
2019-01-24T15:46:42.000Z,4.258033,51.292567,0,10
2019-01-24T15:52:41.000Z,4.258033,51.29255,0,10
2019-01-24T15:52:41.000Z,4.258033,51.29255,0,10
2019-01-24T15:52:41.000Z,4.258033,51.29255,0,10
2019-01-24T15:58:41.000Z,4.258,51.292533,0,10
2019-01-24T15:58:41.000Z,4.258,51.292533,0,10
2019-01-24T15:58:41.000Z,4.258,51.292533,0,10
2019-01-24T16:04:41.000Z,4.25805,51.29255,0,10
2019-01-24T16:04:41.000Z,4.25805,51.29255,0,10
2019-01-24T16:04:41.000Z,4.25805,51.29255,0,10
2019-01-24T16:10:41.000Z,4.257983,51.292817,189,10
2019-01-24T16:10:41.000Z,4.257983,51.292817,189,10
2019-01-24T16:10:41.000Z,4.257983,51.292817,189,10
2019-01-24T16:16:40.000Z,4.257983,51.292567,189,10
2019-01-24T16:16:40.000Z,4.257983,51.292567,189,10
2019-01-24T16:16:40.000Z,4.257983,51.292567,189,10
2019-01-24T16:22:42.000Z,4.258033,51.292583,189,10
2019-01-24T16:22:42.000Z,4.258033,51.292583,189,10
2019-01-24T16:22:42.000Z,4.258033,51.292583,189,10
2019-01-24T16:25:41.000Z,4.25805,51.292583,189,10
2019-01-24T16:25:41.000Z,4.25805,51.292583,189,10
2019-01-24T16:25:41.000Z,4.25805,51.292583,189,10
2019-01-24T16:31:41.000Z,4.258067,51.292583,189,10
2019-01-24T16:31:41.000Z,4.258067,51.292583,189,10
2019-01-24T16:31:41.000Z,4.258067,51.292583,189,10
2019-01-24T16:34:42.000Z,4.25805,51.292583,189,10
2019-01-24T16:34:42.000Z,4.25805,51.292583,189,10
2019-01-24T16:34:42.000Z,4.25805,51.292583,189,10
2019-01-24T16:37:41.000Z,4.258,51.292583,189,10
2019-01-24T16:37:41.000Z,4.258,51.292583,189,10
2019-01-24T16:37:41.000Z,4.258,51.292583,189,10
2019-01-24T16:40:41.000Z,4.258083,51.292567,189,10
2019-01-24T16:40:41.000Z,4.258083,51.292567,189,10
2019-01-24T16:40:41.000Z,4.258083,51.292567,189,10
2019-01-24T16:46:41.000Z,4.257983,51.292567,189,10
2019-01-24T16:46:41.000Z,4.257983,51.292567,189,10
2019-01-24T16:46:41.000Z,4.257983,51.292567,189,10
2019-01-24T16:49:41.000Z,4.258017,51.29255,189,10
2019-01-24T16:49:41.000Z,4.258017,51.29255,189,10
2019-01-24T16:49:41.000Z,4.258017,51.29255,189,10
2019-01-24T16:52:41.000Z,4.258017,51.292567,189,10
2019-01-24T16:52:41.000Z,4.258017,51.292567,189,10
2019-01-24T16:52:41.000Z,4.258017,51.292567,189,10
2019-01-24T16:58:42.000Z,4.258017,51.292517,189,10
2019-01-24T16:58:42.000Z,4.258017,51.292517,189,10
2019-01-24T16:58:42.000Z,4.258017,51.292517,189,10
2019-01-24T17:06:22.000Z,4.2581,51.292583,189,10
2019-01-24T17:06:22.000Z,4.2581,51.292583,189,10
2019-01-24T17:06:22.000Z,4.2581,51.292583,189,10
2019-01-24T17:08:55.000Z,4.257967,51.292617,189,10
2019-01-24T17:08:55.000Z,4.257967,51.292617,189,10
2019-01-24T17:08:55.000Z,4.257967,51.292617,189,10
2019-01-24T17:14:31.000Z,4.258017,51.292467,189,10
2019-01-24T17:14:31.000Z,4.258017,51.292467,189,10
2019-01-24T17:14:31.000Z,4.258017,51.292467,189,10
2019-01-24T17:20:33.000Z,4.25795,51.292717,0,10
2019-01-24T17:20:33.000Z,4.25795,51.292717,0,10
2019-01-24T17:20:33.000Z,4.25795,51.292717,0,10
2019-01-24T17:26:32.000Z,4.25805,51.292617,0,10
2019-01-24T17:26:32.000Z,4.25805,51.292617,0,10
2019-01-24T17:26:32.000Z,4.25805,51.292617,0,10
2019-01-24T17:29:33.000Z,4.25805,51.2926,0,10
2019-01-24T17:29:33.000Z,4.25805,51.2926,0,10
2019-01-24T17:29:33.000Z,4.25805,51.2926,0,10
2019-01-24T17:38:33.000Z,4.258,51.29255,0,10
2019-01-24T17:38:33.000Z,4.258,51.29255,0,10
2019-01-24T17:38:33.000Z,4.258,51.29255,0,10
2019-01-24T17:41:39.000Z,4.258,51.2926,0,10
2019-01-24T17:41:39.000Z,4.258,51.2926,0,10
2019-01-24T17:41:39.000Z,4.258,51.2926,0,10
2019-01-24T17:44:55.000Z,4.258017,51.292783,0,10
2019-01-24T17:44:55.000Z,4.258017,51.292783,0,10
2019-01-24T17:44:55.000Z,4.258017,51.292783,0,10
2019-01-24T17:47:32.000Z,4.2578830000000005,51.293,189,10
2019-01-24T17:47:32.000Z,4.2578830000000005,51.293,189,10
2019-01-24T17:47:32.000Z,4.2578830000000005,51.293,189,10
2019-01-24T17:53:33.000Z,4.258083,51.29245,189,10
2019-01-24T17:53:33.000Z,4.258083,51.29245,189,10
2019-01-24T17:53:33.000Z,4.258083,51.29245,189,10
2019-01-24T17:59:33.000Z,4.257983,51.2926,189,10
2019-01-24T17:59:33.000Z,4.257983,51.2926,189,10
2019-01-24T17:59:33.000Z,4.257983,51.2926,189,10
2019-01-24T18:02:34.000Z,4.257867,51.292767,189,10
2019-01-24T18:02:34.000Z,4.257867,51.292767,189,10
2019-01-24T18:02:34.000Z,4.257867,51.292767,189,10
2019-01-24T18:05:31.000Z,4.257983,51.292667,189,10
2019-01-24T18:05:31.000Z,4.257983,51.292667,189,10
2019-01-24T18:05:31.000Z,4.257983,51.292667,189,10
2019-01-24T18:08:33.000Z,4.258017,51.292617,189,10
2019-01-24T18:08:33.000Z,4.258017,51.292617,189,10
2019-01-24T18:08:33.000Z,4.258017,51.292617,189,10
2019-01-24T18:14:33.000Z,4.258,51.29255,189,10
2019-01-24T18:14:33.000Z,4.258,51.29255,189,10
2019-01-24T18:14:33.000Z,4.258,51.29255,189,10
2019-01-24T18:17:32.000Z,4.258017,51.292633,189,10
2019-01-24T18:17:32.000Z,4.258017,51.292633,189,10
2019-01-24T18:17:32.000Z,4.258017,51.292633,189,10
2019-01-24T18:20:33.000Z,4.257967,51.29265,189,10
2019-01-24T18:20:33.000Z,4.257967,51.29265,189,10
2019-01-24T18:20:33.000Z,4.257967,51.29265,189,10
2019-01-24T18:23:33.000Z,4.258083,51.29255,189,10
2019-01-24T18:23:33.000Z,4.258083,51.29255,189,10
2019-01-24T18:23:33.000Z,4.258083,51.29255,189,10
2019-01-24T18:29:32.000Z,4.258,51.2926,189,10
2019-01-24T18:29:32.000Z,4.258,51.2926,189,10
2019-01-24T18:29:32.000Z,4.258,51.2926,189,10
2019-01-24T18:38:33.000Z,4.258017,51.2926,0,10
2019-01-24T18:38:33.000Z,4.258017,51.2926,0,10
2019-01-24T18:38:33.000Z,4.258017,51.2926,0,10
2019-01-24T18:44:31.000Z,4.257983,51.292583,0,10
2019-01-24T18:44:31.000Z,4.257983,51.292583,0,10
2019-01-24T18:44:31.000Z,4.257983,51.292583,0,10
2019-01-24T18:47:33.000Z,4.258033,51.292533,0,10
2019-01-24T18:47:33.000Z,4.258033,51.292533,0,10
2019-01-24T18:47:33.000Z,4.258033,51.292533,0,10
2019-01-24T18:53:32.000Z,4.258017,51.29265,0,10
2019-01-24T18:53:32.000Z,4.258017,51.29265,0,10
2019-01-24T18:53:32.000Z,4.258017,51.29265,0,10
2019-01-24T18:59:33.000Z,4.258083,51.292533,0,10
2019-01-24T18:59:33.000Z,4.258083,51.292533,0,10
2019-01-24T18:59:33.000Z,4.258083,51.292533,0,10
2019-01-24T19:08:33.000Z,4.258033,51.292583,0,10
2019-01-24T19:08:33.000Z,4.258033,51.292583,0,10
2019-01-24T19:08:33.000Z,4.258033,51.292583,0,10
2019-01-24T19:17:36.000Z,4.258083,51.2927,189,10
2019-01-24T19:17:36.000Z,4.258083,51.2927,189,10
2019-01-24T19:17:36.000Z,4.258083,51.2927,189,10
2019-01-24T19:20:33.000Z,4.258017,51.29255,189,10
2019-01-24T19:20:33.000Z,4.258017,51.29255,189,10
2019-01-24T19:20:33.000Z,4.258017,51.29255,189,10
2019-01-24T19:26:32.000Z,4.257983,51.292533,0,10
2019-01-24T19:26:32.000Z,4.257983,51.292533,0,10
2019-01-24T19:26:32.000Z,4.257983,51.292533,0,10
2019-01-24T19:29:33.000Z,4.25815,51.292717,0,10
2019-01-24T19:29:33.000Z,4.25815,51.292717,0,10
2019-01-24T19:29:33.000Z,4.25815,51.292717,0,10
2019-01-24T19:35:31.000Z,4.257633,51.292333,1,18000
2019-01-24T19:35:31.000Z,4.257633,51.292333,1,18000
2019-01-24T19:35:31.000Z,4.257633,51.292333,1,18000
2019-01-24T19:41:32.000Z,4.258033,51.292567,189,18000
2019-01-24T19:41:32.000Z,4.258033,51.292567,189,18000
2019-01-24T19:41:32.000Z,4.258033,51.292567,189,18000
2019-01-24T19:44:32.000Z,4.25805,51.292633,189,18000
2019-01-24T19:44:32.000Z,4.25805,51.292633,189,18000
2019-01-24T19:44:32.000Z,4.25805,51.292633,189,18000
2019-01-24T19:50:33.000Z,4.258067,51.293167,189,18000
2019-01-24T19:50:33.000Z,4.258067,51.293167,189,18000
2019-01-24T19:50:33.000Z,4.258067,51.293167,189,18000
2019-01-24T20:04:04.000Z,4.257983,51.292733,189,18000
2019-01-24T20:04:04.000Z,4.257983,51.292733,189,18000
2019-01-24T20:04:04.000Z,4.257983,51.292733,189,18000
2019-01-24T20:06:28.000Z,4.25825,51.293483,189,18000
2019-01-24T20:06:28.000Z,4.25825,51.293483,189,18000
2019-01-24T20:06:28.000Z,4.25825,51.293483,189,18000
2019-01-24T20:12:44.000Z,4.257967,51.292567,189,18000
2019-01-24T20:12:44.000Z,4.257967,51.292567,189,18000
2019-01-24T20:12:44.000Z,4.257967,51.292567,189,18000
2019-01-24T20:15:44.000Z,4.258,51.292583,189,18000
2019-01-24T20:15:44.000Z,4.258,51.292583,189,18000
2019-01-24T20:15:44.000Z,4.258,51.292583,189,18000
2019-01-24T20:21:44.000Z,4.258,51.292533,189,18000
2019-01-24T20:21:44.000Z,4.258,51.292533,189,18000
2019-01-24T20:21:44.000Z,4.258,51.292533,189,18000
2019-01-24T20:24:45.000Z,4.258017,51.292567,189,18000
2019-01-24T20:24:45.000Z,4.258017,51.292567,189,18000
2019-01-24T20:24:45.000Z,4.258017,51.292567,189,18000
2019-01-24T20:27:44.000Z,4.258033,51.29255,189,18000
2019-01-24T20:27:44.000Z,4.258033,51.29255,189,18000
2019-01-24T20:27:44.000Z,4.258033,51.29255,189,18000
2019-01-24T20:33:52.000Z,4.25805,51.292583,189,18000
2019-01-24T20:33:52.000Z,4.25805,51.292583,189,18000
2019-01-24T20:33:52.000Z,4.25805,51.292583,189,18000
2019-01-24T20:39:44.000Z,4.258017,51.29255,0,10
2019-01-24T20:39:44.000Z,4.258017,51.29255,0,10
2019-01-24T20:39:44.000Z,4.258017,51.29255,0,10
2019-01-24T20:45:44.000Z,4.258017,51.292533,0,10
2019-01-24T20:45:44.000Z,4.258017,51.292533,0,10
2019-01-24T20:45:44.000Z,4.258017,51.292533,0,10
2019-01-24T20:51:43.000Z,4.258017,51.292533,0,10
2019-01-24T20:51:43.000Z,4.258017,51.292533,0,10
2019-01-24T20:51:43.000Z,4.258017,51.292533,0,10
2019-01-24T20:57:43.000Z,4.258017,51.292567,0,10
2019-01-24T20:57:43.000Z,4.258017,51.292567,0,10
2019-01-24T20:57:43.000Z,4.258017,51.292567,0,10
2019-01-24T21:00:56.000Z,4.258017,51.292567,0,10
2019-01-24T21:00:56.000Z,4.258017,51.292567,0,10
2019-01-24T21:00:56.000Z,4.258017,51.292567,0,10
2019-01-24T21:06:46.000Z,4.258017,51.292517,0,10
2019-01-24T21:06:46.000Z,4.258017,51.292517,0,10
2019-01-24T21:06:46.000Z,4.258017,51.292517,0,10
2019-01-24T21:12:43.000Z,4.25785,51.292567,0,10
2019-01-24T21:12:43.000Z,4.25785,51.292567,0,10
2019-01-24T21:12:43.000Z,4.25785,51.292567,0,10
2019-01-24T21:18:45.000Z,4.2579,51.292583,189,10
2019-01-24T21:18:45.000Z,4.2579,51.292583,189,10
2019-01-24T21:18:45.000Z,4.2579,51.292583,189,10
2019-01-24T21:24:43.000Z,4.258033,51.29255,189,10
2019-01-24T21:24:43.000Z,4.258033,51.29255,189,10
2019-01-24T21:24:43.000Z,4.258033,51.29255,189,10
2019-01-24T21:30:45.000Z,4.258017,51.292617,189,10
2019-01-24T21:30:45.000Z,4.258017,51.292617,189,10
2019-01-24T21:30:45.000Z,4.258017,51.292617,189,10
2019-01-24T21:33:43.000Z,4.258017,51.292683,189,10
2019-01-24T21:33:43.000Z,4.258017,51.292683,189,10
2019-01-24T21:33:43.000Z,4.258017,51.292683,189,10
2019-01-24T21:36:44.000Z,4.25795,51.2926,0,10
2019-01-24T21:36:44.000Z,4.25795,51.2926,0,10
2019-01-24T21:36:44.000Z,4.25795,51.2926,0,10
2019-01-24T21:42:45.000Z,4.258017,51.292567,0,10
2019-01-24T21:42:45.000Z,4.258017,51.292567,0,10
2019-01-24T21:42:45.000Z,4.258017,51.292567,0,10
2019-01-24T21:54:44.000Z,4.258133,51.292767,0,10
2019-01-24T21:54:44.000Z,4.258133,51.292767,0,10
2019-01-24T21:54:44.000Z,4.258133,51.292767,0,10
2019-01-24T21:57:44.000Z,4.258067,51.29265,189,10
2019-01-24T21:57:44.000Z,4.258067,51.29265,189,10
2019-01-24T21:57:44.000Z,4.258067,51.29265,189,10
2019-01-24T22:06:44.000Z,4.258033,51.292633,189,10
2019-01-24T22:06:44.000Z,4.258033,51.292633,189,10
2019-01-24T22:06:44.000Z,4.258033,51.292633,189,10
2019-01-24T22:15:45.000Z,4.258017,51.292533,189,10
2019-01-24T22:15:45.000Z,4.258017,51.292533,189,10
2019-01-24T22:15:45.000Z,4.258017,51.292533,189,10
2019-01-24T22:21:43.000Z,4.257967,51.292567,189,10
2019-01-24T22:21:43.000Z,4.257967,51.292567,189,10
2019-01-24T22:21:43.000Z,4.257967,51.292567,189,10
2019-01-24T22:24:45.000Z,4.258,51.292517,189,10
2019-01-24T22:24:45.000Z,4.258,51.292517,189,10
2019-01-24T22:24:45.000Z,4.258,51.292517,189,10
2019-01-24T22:27:44.000Z,4.2578830000000005,51.292533,189,10
2019-01-24T22:27:44.000Z,4.2578830000000005,51.292533,189,10
2019-01-24T22:27:44.000Z,4.2578830000000005,51.292533,189,10
2019-01-24T22:33:44.000Z,4.258083,51.292533,189,10
2019-01-24T22:33:44.000Z,4.258083,51.292533,189,10
2019-01-24T22:33:44.000Z,4.258083,51.292533,189,10
2019-01-24T22:39:43.000Z,4.258033,51.292567,189,10
2019-01-24T22:39:43.000Z,4.258033,51.292567,189,10
2019-01-24T22:39:43.000Z,4.258033,51.292567,189,10
2019-01-24T22:45:44.000Z,4.2578830000000005,51.2925,189,10
2019-01-24T22:45:44.000Z,4.2578830000000005,51.2925,189,10
2019-01-24T22:45:44.000Z,4.2578830000000005,51.2925,189,10
2019-01-24T22:48:44.000Z,4.258067,51.292583,189,10
2019-01-24T22:48:44.000Z,4.258067,51.292583,189,10
2019-01-24T22:48:44.000Z,4.258067,51.292583,189,10
2019-01-24T22:51:44.000Z,4.258017,51.29255,189,10
2019-01-24T22:51:44.000Z,4.258017,51.29255,189,10
2019-01-24T22:51:44.000Z,4.258017,51.29255,189,10
2019-01-24T22:57:43.000Z,4.258067,51.292583,189,10
2019-01-24T22:57:43.000Z,4.258067,51.292583,189,10
2019-01-24T22:57:43.000Z,4.258067,51.292583,189,10
2019-01-24T23:00:43.000Z,4.258033,51.29255,189,10
2019-01-24T23:00:43.000Z,4.258033,51.29255,189,10
2019-01-24T23:00:43.000Z,4.258033,51.29255,189,10
2019-01-24T23:03:45.000Z,4.257783,51.292817,189,10
2019-01-24T23:03:45.000Z,4.257783,51.292817,189,10
2019-01-24T23:03:45.000Z,4.257783,51.292817,189,10
2019-01-24T23:06:44.000Z,4.258017,51.292583,189,10
2019-01-24T23:06:44.000Z,4.258017,51.292583,189,10
2019-01-24T23:06:44.000Z,4.258017,51.292583,189,10
2019-01-24T23:09:45.000Z,4.258017,51.292567,189,10
2019-01-24T23:09:45.000Z,4.258017,51.292567,189,10
2019-01-24T23:09:45.000Z,4.258017,51.292567,189,10
2019-01-24T23:15:44.000Z,4.25795,51.292583,189,10
2019-01-24T23:15:44.000Z,4.25795,51.292583,189,10
2019-01-24T23:15:44.000Z,4.25795,51.292583,189,10
2019-01-24T23:18:44.000Z,4.257867,51.2925,189,10
2019-01-24T23:18:44.000Z,4.257867,51.2925,189,10
2019-01-24T23:18:44.000Z,4.257867,51.2925,189,10
2019-01-24T23:24:43.000Z,4.257733,51.292417,189,10
2019-01-24T23:24:43.000Z,4.257733,51.292417,189,10
2019-01-24T23:24:43.000Z,4.257733,51.292417,189,10
2019-01-24T23:33:48.000Z,4.258017,51.29255,189,10
2019-01-24T23:33:48.000Z,4.258017,51.29255,189,10
2019-01-24T23:33:48.000Z,4.258017,51.29255,189,10
2019-01-24T23:36:45.000Z,4.258,51.292617,189,10
2019-01-24T23:36:45.000Z,4.258,51.292617,189,10
2019-01-24T23:36:45.000Z,4.258,51.292617,189,10
2019-01-24T23:45:43.000Z,4.258033,51.29255,189,10
2019-01-24T23:45:43.000Z,4.258033,51.29255,189,10
2019-01-24T23:45:43.000Z,4.258033,51.29255,189,10
2019-01-24T23:51:44.000Z,4.25805,51.292583,189,10
2019-01-24T23:51:44.000Z,4.25805,51.292583,189,10
2019-01-24T23:51:44.000Z,4.25805,51.292583,189,10
2019-01-24T23:57:44.000Z,4.258,51.2926,189,10
2019-01-24T23:57:44.000Z,4.258,51.2926,189,10
2019-01-24T23:57:44.000Z,4.258,51.2926,189,10
2019-01-25T00:00:44.000Z,4.258017,51.292583,189,10
2019-01-25T00:00:44.000Z,4.258017,51.292583,189,10
2019-01-25T00:00:44.000Z,4.258017,51.292583,189,10
2019-01-25T00:15:44.000Z,4.258017,51.292567,189,10
2019-01-25T00:15:44.000Z,4.258017,51.292567,189,10
2019-01-25T00:15:44.000Z,4.258017,51.292567,189,10
2019-01-25T00:27:43.000Z,4.257983,51.2926,189,10
2019-01-25T00:27:43.000Z,4.257983,51.2926,189,10
2019-01-25T00:27:43.000Z,4.257983,51.2926,189,10
2019-01-25T00:45:48.000Z,4.258033,51.292583,189,10
2019-01-25T00:45:48.000Z,4.258033,51.292583,189,10
2019-01-25T00:45:48.000Z,4.258033,51.292583,189,10
2019-01-25T01:03:43.000Z,4.258,51.292567,189,10
2019-01-25T01:03:43.000Z,4.258,51.292567,189,10
2019-01-25T01:03:43.000Z,4.258,51.292567,189,10
2019-01-25T01:09:48.000Z,4.257983,51.292567,189,10
2019-01-25T01:09:48.000Z,4.257983,51.292567,189,10
2019-01-25T01:09:48.000Z,4.257983,51.292567,189,10
2019-01-25T01:21:50.000Z,4.258017,51.292617,189,10
2019-01-25T01:21:50.000Z,4.258017,51.292617,189,10
2019-01-25T01:21:50.000Z,4.258017,51.292617,189,10
2019-01-25T01:38:24.000Z,4.258017,51.292667,189,10
2019-01-25T01:38:24.000Z,4.258017,51.292667,189,10
2019-01-25T01:38:24.000Z,4.258017,51.292667,189,10
2019-01-25T01:49:52.000Z,4.257967,51.292567,189,10
2019-01-25T01:49:52.000Z,4.257967,51.292567,189,10
2019-01-25T01:49:52.000Z,4.257967,51.292567,189,10
2019-01-25T01:52:49.000Z,4.258033,51.292517,189,10
2019-01-25T01:52:49.000Z,4.258033,51.292517,189,10
2019-01-25T01:52:49.000Z,4.258033,51.292517,189,10
2019-01-25T02:01:48.000Z,4.258033,51.29265,189,10
2019-01-25T02:01:48.000Z,4.258033,51.29265,189,10
2019-01-25T02:01:48.000Z,4.258033,51.29265,189,10
2019-01-25T02:04:54.000Z,4.258,51.292617,189,10
2019-01-25T02:04:54.000Z,4.258,51.292617,189,10
2019-01-25T02:04:54.000Z,4.258,51.292617,189,10
2019-01-25T02:07:48.000Z,4.258017,51.292667,189,10
2019-01-25T02:07:48.000Z,4.258017,51.292667,189,10
2019-01-25T02:07:48.000Z,4.258017,51.292667,189,10
2019-01-25T02:13:48.000Z,4.258033,51.292633,189,10
2019-01-25T02:13:48.000Z,4.258033,51.292633,189,10
2019-01-25T02:13:48.000Z,4.258033,51.292633,189,10
2019-01-25T02:19:49.000Z,4.258033,51.292567,189,10
2019-01-25T02:19:49.000Z,4.258033,51.292567,189,10
2019-01-25T02:19:49.000Z,4.258033,51.292567,189,10
2019-01-25T02:25:49.000Z,4.258083,51.292583,189,10
2019-01-25T02:25:49.000Z,4.258083,51.292583,189,10
2019-01-25T02:25:49.000Z,4.258083,51.292583,189,10
2019-01-25T02:28:49.000Z,4.257983,51.292467,189,10
2019-01-25T02:28:49.000Z,4.257983,51.292467,189,10
2019-01-25T02:28:49.000Z,4.257983,51.292467,189,10
2019-01-25T02:31:48.000Z,4.258083,51.292583,189,10
2019-01-25T02:31:48.000Z,4.258083,51.292583,189,10
2019-01-25T02:31:48.000Z,4.258083,51.292583,189,10
2019-01-25T02:34:48.000Z,4.258167,51.292733,189,10
2019-01-25T02:34:48.000Z,4.258167,51.292733,189,10
2019-01-25T02:34:48.000Z,4.258167,51.292733,189,10
2019-01-25T02:43:49.000Z,4.25795,51.292567,189,10
2019-01-25T02:43:49.000Z,4.25795,51.292567,189,10
2019-01-25T02:43:49.000Z,4.25795,51.292567,189,10
2019-01-25T02:50:07.000Z,4.258017,51.29255,189,10
2019-01-25T02:50:07.000Z,4.258017,51.29255,189,10
2019-01-25T02:50:07.000Z,4.258017,51.29255,189,10
2019-01-25T02:53:07.000Z,4.258033,51.29255,189,10
2019-01-25T02:53:07.000Z,4.258033,51.29255,189,10
2019-01-25T02:53:07.000Z,4.258033,51.29255,189,10
2019-01-25T02:59:14.000Z,4.257983,51.29255,189,10
2019-01-25T02:59:14.000Z,4.257983,51.29255,189,10
2019-01-25T02:59:14.000Z,4.257983,51.29255,189,10
2019-01-25T03:02:07.000Z,4.258083,51.292583,189,10
2019-01-25T03:02:07.000Z,4.258083,51.292583,189,10
2019-01-25T03:02:07.000Z,4.258083,51.292583,189,10
2019-01-25T03:05:07.000Z,4.258067,51.2926,189,10
2019-01-25T03:05:07.000Z,4.258067,51.2926,189,10
2019-01-25T03:05:07.000Z,4.258067,51.2926,189,10
2019-01-25T03:08:07.000Z,4.258017,51.292533,189,10
2019-01-25T03:08:07.000Z,4.258017,51.292533,189,10
2019-01-25T03:08:07.000Z,4.258017,51.292533,189,10
2019-01-25T03:11:07.000Z,4.25805,51.2926,189,10
2019-01-25T03:11:07.000Z,4.25805,51.2926,189,10
2019-01-25T03:11:07.000Z,4.25805,51.2926,189,10
2019-01-25T03:17:09.000Z,4.25805,51.292517,189,10
2019-01-25T03:17:09.000Z,4.25805,51.292517,189,10
2019-01-25T03:17:09.000Z,4.25805,51.292517,189,10
2019-01-25T03:29:06.000Z,4.258083,51.292533,189,10
2019-01-25T03:29:06.000Z,4.258083,51.292533,189,10
2019-01-25T03:29:06.000Z,4.258083,51.292533,189,10
2019-01-25T03:35:07.000Z,4.258133,51.292567,189,10
2019-01-25T03:35:07.000Z,4.258133,51.292567,189,10
2019-01-25T03:35:07.000Z,4.258133,51.292567,189,10
2019-01-25T03:41:06.000Z,4.258033,51.292583,189,10
2019-01-25T03:41:06.000Z,4.258033,51.292583,189,10
2019-01-25T03:41:06.000Z,4.258033,51.292583,189,10
2019-01-25T03:47:07.000Z,4.258033,51.292517,189,10
2019-01-25T03:47:07.000Z,4.258033,51.292517,189,10
2019-01-25T03:47:07.000Z,4.258033,51.292517,189,10
2019-01-25T03:53:13.000Z,4.258083,51.2926,189,10
2019-01-25T03:53:13.000Z,4.258083,51.2926,189,10
2019-01-25T03:53:13.000Z,4.258083,51.2926,189,10
2019-01-25T03:56:06.000Z,4.25795,51.29265,189,10
2019-01-25T03:56:06.000Z,4.25795,51.29265,189,10
2019-01-25T03:56:06.000Z,4.25795,51.29265,189,10
2019-01-25T04:02:07.000Z,4.258083,51.292567,189,10
2019-01-25T04:02:07.000Z,4.258083,51.292567,189,10
2019-01-25T04:02:07.000Z,4.258083,51.292567,189,10
2019-01-25T04:05:06.000Z,4.258,51.2925,189,10
2019-01-25T04:05:06.000Z,4.258,51.2925,189,10
2019-01-25T04:05:06.000Z,4.258,51.2925,189,10
2019-01-25T04:11:06.000Z,4.25805,51.292567,189,10
2019-01-25T04:11:06.000Z,4.25805,51.292567,189,10
2019-01-25T04:11:06.000Z,4.25805,51.292567,189,10
2019-01-25T04:14:06.000Z,4.258017,51.292567,189,10
2019-01-25T04:14:06.000Z,4.258017,51.292567,189,10
2019-01-25T04:14:06.000Z,4.258017,51.292567,189,10
2019-01-25T04:17:06.000Z,4.258017,51.292583,189,10
2019-01-25T04:17:06.000Z,4.258017,51.292583,189,10
2019-01-25T04:17:06.000Z,4.258017,51.292583,189,10
2019-01-25T04:20:08.000Z,4.257983,51.292617,189,10
2019-01-25T04:20:08.000Z,4.257983,51.292617,189,10
2019-01-25T04:20:08.000Z,4.257983,51.292617,189,10
2019-01-25T04:26:07.000Z,4.258,51.292617,189,10
2019-01-25T04:26:07.000Z,4.258,51.292617,189,10
2019-01-25T04:26:07.000Z,4.258,51.292617,189,10
2019-01-25T04:29:07.000Z,4.258033,51.292567,189,10
2019-01-25T04:29:07.000Z,4.258033,51.292567,189,10
2019-01-25T04:29:07.000Z,4.258033,51.292567,189,10
2019-01-25T04:32:06.000Z,4.25805,51.292567,189,10
2019-01-25T04:32:06.000Z,4.25805,51.292567,189,10
2019-01-25T04:32:06.000Z,4.25805,51.292567,189,10
2019-01-25T04:35:06.000Z,4.25805,51.292583,189,10
2019-01-25T04:35:06.000Z,4.25805,51.292583,189,10
2019-01-25T04:35:06.000Z,4.25805,51.292583,189,10
2019-01-25T04:41:07.000Z,4.258,51.292583,189,10
2019-01-25T04:41:07.000Z,4.258,51.292583,189,10
2019-01-25T04:41:07.000Z,4.258,51.292583,189,10
2019-01-25T04:44:06.000Z,4.258033,51.292583,189,10
2019-01-25T04:44:06.000Z,4.258033,51.292583,189,10
2019-01-25T04:44:06.000Z,4.258033,51.292583,189,10
2019-01-25T04:50:06.000Z,4.25805,51.29255,189,10
2019-01-25T04:50:06.000Z,4.25805,51.29255,189,10
2019-01-25T04:50:06.000Z,4.25805,51.29255,189,10
2019-01-25T04:53:07.000Z,4.25815,51.292683,189,10
2019-01-25T04:53:07.000Z,4.25815,51.292683,189,10
2019-01-25T04:53:07.000Z,4.25815,51.292683,189,10
2019-01-25T04:59:12.000Z,4.258017,51.292567,189,10
2019-01-25T04:59:12.000Z,4.258017,51.292567,189,10
2019-01-25T04:59:12.000Z,4.258017,51.292567,189,10
2019-01-25T05:02:09.000Z,4.258,51.292583,189,10
2019-01-25T05:02:09.000Z,4.258,51.292583,189,10
2019-01-25T05:02:09.000Z,4.258,51.292583,189,10
2019-01-25T05:05:12.000Z,4.258017,51.292567,189,10
2019-01-25T05:05:12.000Z,4.258017,51.292567,189,10
2019-01-25T05:05:12.000Z,4.258017,51.292567,189,10
2019-01-25T05:07:19.000Z,4.258017,51.292567,189,10
2019-01-25T05:07:19.000Z,4.258017,51.292567,189,10
2019-01-25T05:07:19.000Z,4.258017,51.292567,189,10
2019-01-25T05:11:07.000Z,4.25805,51.292583,0,10
2019-01-25T05:11:07.000Z,4.25805,51.292583,0,10
2019-01-25T05:11:07.000Z,4.25805,51.292583,0,10
2019-01-25T05:17:14.000Z,4.25805,51.292567,0,10
2019-01-25T05:17:14.000Z,4.25805,51.292567,0,10
2019-01-25T05:17:14.000Z,4.25805,51.292567,0,10
2019-01-25T05:20:07.000Z,4.25805,51.29255,0,10
2019-01-25T05:20:07.000Z,4.25805,51.29255,0,10
2019-01-25T05:20:07.000Z,4.25805,51.29255,0,10
2019-01-25T05:26:08.000Z,4.257967,51.292583,0,10
2019-01-25T05:26:08.000Z,4.257967,51.292583,0,10
2019-01-25T05:26:08.000Z,4.257967,51.292583,0,10
2019-01-25T05:32:15.000Z,4.258017,51.2926,0,10
2019-01-25T05:32:15.000Z,4.258017,51.2926,0,10
2019-01-25T05:32:15.000Z,4.258017,51.2926,0,10
2019-01-25T05:35:08.000Z,4.257967,51.2926,0,10
2019-01-25T05:35:08.000Z,4.257967,51.2926,0,10
2019-01-25T05:35:08.000Z,4.257967,51.2926,0,10
2019-01-25T05:38:15.000Z,4.25805,51.29255,0,10
2019-01-25T05:38:15.000Z,4.25805,51.29255,0,10
2019-01-25T05:38:15.000Z,4.25805,51.29255,0,10
2019-01-25T05:47:13.000Z,4.257967,51.2926,0,10
2019-01-25T05:47:13.000Z,4.257967,51.2926,0,10
2019-01-25T05:47:13.000Z,4.257967,51.2926,0,10
2019-01-25T05:53:07.000Z,4.257967,51.2926,0,10
2019-01-25T05:53:07.000Z,4.257967,51.2926,0,10
2019-01-25T05:53:07.000Z,4.257967,51.2926,0,10
2019-01-25T06:02:09.000Z,4.258033,51.29255,0,10
2019-01-25T06:02:09.000Z,4.258033,51.29255,0,10
2019-01-25T06:02:09.000Z,4.258033,51.29255,0,10
2019-01-25T06:05:11.000Z,4.25805,51.29255,0,10
2019-01-25T06:05:11.000Z,4.25805,51.29255,0,10
2019-01-25T06:05:11.000Z,4.25805,51.29255,0,10
2019-01-25T06:11:09.000Z,4.258017,51.292567,0,10
2019-01-25T06:11:09.000Z,4.258017,51.292567,0,10
2019-01-25T06:11:09.000Z,4.258017,51.292567,0,10
2019-01-25T06:17:07.000Z,4.258017,51.292567,0,10
2019-01-25T06:17:07.000Z,4.258017,51.292567,0,10
2019-01-25T06:17:07.000Z,4.258017,51.292567,0,10
2019-01-25T06:20:08.000Z,4.258033,51.292583,0,10
2019-01-25T06:20:08.000Z,4.258033,51.292583,0,10
2019-01-25T06:20:08.000Z,4.258033,51.292583,0,10
2019-01-25T06:29:08.000Z,4.258033,51.292583,0,10
2019-01-25T06:29:08.000Z,4.258033,51.292583,0,10
2019-01-25T06:29:08.000Z,4.258033,51.292583,0,10
2019-01-25T06:38:09.000Z,4.258,51.292583,0,10
2019-01-25T06:38:09.000Z,4.258,51.292583,0,10
2019-01-25T06:38:09.000Z,4.258,51.292583,0,10
2019-01-25T06:44:06.000Z,4.258033,51.292567,0,10
2019-01-25T06:44:06.000Z,4.258033,51.292567,0,10
2019-01-25T06:44:06.000Z,4.258033,51.292567,0,10
2019-01-25T06:47:07.000Z,4.258017,51.292567,0,10
2019-01-25T06:47:07.000Z,4.258017,51.292567,0,10
2019-01-25T06:47:07.000Z,4.258017,51.292567,0,10
2019-01-25T06:53:07.000Z,4.258033,51.29255,0,10
2019-01-25T06:53:07.000Z,4.258033,51.29255,0,10
2019-01-25T06:53:07.000Z,4.258033,51.29255,0,10
2019-01-25T06:59:09.000Z,4.258017,51.2926,0,10
2019-01-25T06:59:09.000Z,4.258017,51.2926,0,10
2019-01-25T06:59:09.000Z,4.258017,51.2926,0,10
2019-01-25T07:08:08.000Z,4.258017,51.292567,0,10
2019-01-25T07:08:08.000Z,4.258017,51.292567,0,10
2019-01-25T07:08:08.000Z,4.258017,51.292567,0,10
2019-01-25T07:14:19.000Z,4.258,51.292583,0,10
2019-01-25T07:14:19.000Z,4.258,51.292583,0,10
2019-01-25T07:14:19.000Z,4.258,51.292583,0,10
2019-01-25T07:17:06.000Z,4.258033,51.29255,0,10
2019-01-25T07:17:06.000Z,4.258033,51.29255,0,10
2019-01-25T07:17:06.000Z,4.258033,51.29255,0,10
2019-01-25T07:26:08.000Z,4.258017,51.292583,0,10
2019-01-25T07:26:08.000Z,4.258017,51.292583,0,10
2019-01-25T07:26:08.000Z,4.258017,51.292583,0,10
2019-01-25T07:32:13.000Z,4.258033,51.292533,0,10
2019-01-25T07:32:13.000Z,4.258033,51.292533,0,10
2019-01-25T07:32:13.000Z,4.258033,51.292533,0,10
2019-01-25T07:35:08.000Z,4.258,51.292583,0,10
2019-01-25T07:35:08.000Z,4.258,51.292583,0,10
2019-01-25T07:35:08.000Z,4.258,51.292583,0,10
2019-01-25T07:41:07.000Z,4.258033,51.292533,0,10
2019-01-25T07:41:07.000Z,4.258033,51.292533,0,10
2019-01-25T07:41:07.000Z,4.258033,51.292533,0,10
2019-01-25T07:47:07.000Z,4.258083,51.292583,0,10
2019-01-25T07:47:07.000Z,4.258083,51.292583,0,10
2019-01-25T07:47:07.000Z,4.258083,51.292583,0,10
2019-01-25T07:53:08.000Z,4.25805,51.29255,0,10
2019-01-25T07:53:08.000Z,4.25805,51.29255,0,10
2019-01-25T07:53:08.000Z,4.25805,51.29255,0,10
2019-01-25T07:59:08.000Z,4.258017,51.2926,0,10
2019-01-25T07:59:08.000Z,4.258017,51.2926,0,10
2019-01-25T07:59:08.000Z,4.258017,51.2926,0,10
2019-01-25T08:05:07.000Z,4.258017,51.292583,0,10
2019-01-25T08:05:07.000Z,4.258017,51.292583,0,10
2019-01-25T08:05:07.000Z,4.258017,51.292583,0,10
2019-01-25T08:11:07.000Z,4.258017,51.292567,0,10
2019-01-25T08:11:07.000Z,4.258017,51.292567,0,10
2019-01-25T08:11:07.000Z,4.258017,51.292567,0,10
2019-01-25T08:17:07.000Z,4.258,51.292583,0,10
2019-01-25T08:17:07.000Z,4.258,51.292583,0,10
2019-01-25T08:17:07.000Z,4.258,51.292583,0,10
2019-01-25T08:29:09.000Z,4.257983,51.2926,0,10
2019-01-25T08:29:09.000Z,4.257983,51.2926,0,10
2019-01-25T08:29:09.000Z,4.257983,51.2926,0,10
2019-01-25T08:35:07.000Z,4.258033,51.292567,0,10
2019-01-25T08:35:07.000Z,4.258033,51.292567,0,10
2019-01-25T08:35:07.000Z,4.258033,51.292567,0,10
2019-01-25T08:41:06.000Z,4.25805,51.292567,0,10
2019-01-25T08:41:06.000Z,4.25805,51.292567,0,10
2019-01-25T08:41:06.000Z,4.25805,51.292567,0,10
2019-01-25T08:47:06.000Z,4.258,51.292617,0,10
2019-01-25T08:47:06.000Z,4.258,51.292617,0,10
2019-01-25T08:47:06.000Z,4.258,51.292617,0,10
2019-01-25T08:53:07.000Z,4.257967,51.292567,0,10
2019-01-25T08:53:07.000Z,4.257967,51.292567,0,10
2019-01-25T08:53:07.000Z,4.257967,51.292567,0,10
2019-01-25T08:59:07.000Z,4.258067,51.292583,0,10
2019-01-25T08:59:07.000Z,4.258067,51.292583,0,10
2019-01-25T08:59:07.000Z,4.258067,51.292583,0,10
2019-01-25T09:05:06.000Z,4.257983,51.292633,0,10
2019-01-25T09:05:06.000Z,4.257983,51.292633,0,10
2019-01-25T09:05:06.000Z,4.257983,51.292633,0,10
2019-01-25T09:11:07.000Z,4.258067,51.292583,0,10
2019-01-25T09:11:07.000Z,4.258067,51.292583,0,10
2019-01-25T09:11:07.000Z,4.258067,51.292583,0,10
2019-01-25T09:17:07.000Z,4.25805,51.292583,0,10
2019-01-25T09:17:07.000Z,4.25805,51.292583,0,10
2019-01-25T09:17:07.000Z,4.25805,51.292583,0,10
2019-01-25T09:23:06.000Z,4.258033,51.29255,0,14850
2019-01-25T09:23:06.000Z,4.258033,51.29255,0,14850
2019-01-25T09:23:06.000Z,4.258033,51.29255,0,14850
2019-01-25T09:32:12.000Z,4.258033,51.292567,0,10
2019-01-25T09:32:12.000Z,4.258033,51.292567,0,10
2019-01-25T09:32:12.000Z,4.258033,51.292567,0,10
2019-01-25T09:35:06.000Z,4.258067,51.29265,0,10
2019-01-25T09:35:06.000Z,4.258067,51.29265,0,10
2019-01-25T09:35:06.000Z,4.258067,51.29265,0,10
2019-01-25T09:41:06.000Z,4.257983,51.2926,0,10
2019-01-25T09:41:06.000Z,4.257983,51.2926,0,10
2019-01-25T09:41:06.000Z,4.257983,51.2926,0,10
2019-01-25T09:47:07.000Z,4.258017,51.292567,0,10
2019-01-25T09:47:07.000Z,4.258017,51.292567,0,10
2019-01-25T09:47:07.000Z,4.258017,51.292567,0,10
2019-01-25T09:53:08.000Z,4.257933,51.292617,0,10
2019-01-25T09:53:08.000Z,4.257933,51.292617,0,10
2019-01-25T09:53:08.000Z,4.257933,51.292617,0,10
2019-01-25T09:59:08.000Z,4.2581,51.292717,0,10
2019-01-25T09:59:08.000Z,4.2581,51.292717,0,10
2019-01-25T09:59:08.000Z,4.2581,51.292717,0,10
2019-01-25T10:05:07.000Z,4.258017,51.292583,0,10
2019-01-25T10:05:07.000Z,4.258017,51.292583,0,10
2019-01-25T10:05:07.000Z,4.258017,51.292583,0,10
2019-01-25T10:11:07.000Z,4.2581,51.2926,0,10
2019-01-25T10:11:07.000Z,4.2581,51.2926,0,10
2019-01-25T10:11:07.000Z,4.2581,51.2926,0,10
2019-01-25T10:17:06.000Z,4.258067,51.29255,0,10
2019-01-25T10:17:06.000Z,4.258067,51.29255,0,10
2019-01-25T10:17:06.000Z,4.258067,51.29255,0,10
2019-01-25T10:20:07.000Z,4.258033,51.29255,0,10
2019-01-25T10:20:07.000Z,4.258033,51.29255,0,10
2019-01-25T10:20:07.000Z,4.258033,51.29255,0,10
2019-01-25T10:26:06.000Z,4.258017,51.292567,0,10
2019-01-25T10:26:06.000Z,4.258017,51.292567,0,10
2019-01-25T10:26:06.000Z,4.258017,51.292567,0,10
2019-01-25T10:29:08.000Z,4.258033,51.292617,0,10
2019-01-25T10:29:08.000Z,4.258033,51.292617,0,10
2019-01-25T10:29:08.000Z,4.258033,51.292617,0,10
2019-01-25T10:35:07.000Z,4.25805,51.292533,0,18000
2019-01-25T10:35:07.000Z,4.25805,51.292533,0,18000
2019-01-25T10:35:07.000Z,4.25805,51.292533,0,18000
2019-01-25T10:38:07.000Z,4.2592,51.292767,0,10
2019-01-25T10:38:07.000Z,4.2592,51.292767,0,10
2019-01-25T10:38:07.000Z,4.2592,51.292767,0,10
2019-01-25T10:41:06.000Z,4.258033,51.292617,0,10
2019-01-25T10:41:06.000Z,4.258033,51.292617,0,10
2019-01-25T10:41:06.000Z,4.258033,51.292617,0,10
2019-01-25T10:47:07.000Z,4.25795,51.292617,189,10
2019-01-25T10:47:07.000Z,4.25795,51.292617,189,10
2019-01-25T10:47:07.000Z,4.25795,51.292617,189,10
2019-01-25T10:50:06.000Z,4.257867,51.292633,189,10
2019-01-25T10:50:06.000Z,4.257867,51.292633,189,10
2019-01-25T10:50:06.000Z,4.257867,51.292633,189,10
2019-01-25T10:53:08.000Z,4.258,51.2928,189,10
2019-01-25T10:53:08.000Z,4.258,51.2928,189,10
2019-01-25T10:53:08.000Z,4.258,51.2928,189,10
2019-01-25T10:59:06.000Z,4.258,51.29275,189,10
2019-01-25T10:59:06.000Z,4.258,51.29275,189,10
2019-01-25T10:59:06.000Z,4.258,51.29275,189,10
2019-01-25T11:02:06.000Z,4.258383,51.292633,189,10
2019-01-25T11:02:06.000Z,4.258383,51.292633,189,10
2019-01-25T11:02:06.000Z,4.258383,51.292633,189,10
2019-01-25T11:08:11.000Z,4.258133,51.292567,189,10
2019-01-25T11:08:11.000Z,4.258133,51.292567,189,10
2019-01-25T11:08:11.000Z,4.258133,51.292567,189,10
2019-01-25T11:11:07.000Z,4.258533,51.292817,189,10
2019-01-25T11:11:07.000Z,4.258533,51.292817,189,10
2019-01-25T11:11:07.000Z,4.258533,51.292817,189,10
2019-01-25T11:14:08.000Z,4.257933,51.292767,189,10
2019-01-25T11:14:08.000Z,4.257933,51.292767,189,10
2019-01-25T11:14:08.000Z,4.257933,51.292767,189,10
2019-01-25T11:17:06.000Z,4.2582330000000015,51.292267,189,10
2019-01-25T11:17:06.000Z,4.2582330000000015,51.292267,189,10
2019-01-25T11:17:06.000Z,4.2582330000000015,51.292267,189,10
2019-01-25T11:23:14.000Z,4.258133,51.292767,189,10
2019-01-25T11:23:14.000Z,4.258133,51.292767,189,10
2019-01-25T11:23:14.000Z,4.258133,51.292767,189,10
2019-01-25T11:29:07.000Z,4.257967,51.292567,189,10
2019-01-25T11:29:07.000Z,4.257967,51.292567,189,10
2019-01-25T11:29:07.000Z,4.257967,51.292567,189,10
2019-01-25T11:35:07.000Z,4.258,51.292567,189,10
2019-01-25T11:35:07.000Z,4.258,51.292567,189,10
2019-01-25T11:35:07.000Z,4.258,51.292567,189,10
2019-01-25T11:41:09.000Z,4.25805,51.29255,189,10
2019-01-25T11:41:09.000Z,4.25805,51.29255,189,10
2019-01-25T11:41:09.000Z,4.25805,51.29255,189,10
2019-01-25T11:47:07.000Z,4.258017,51.292567,189,10
2019-01-25T11:47:07.000Z,4.258017,51.292567,189,10
2019-01-25T11:47:07.000Z,4.258017,51.292567,189,10
2019-01-25T11:50:07.000Z,4.258033,51.292517,189,10
2019-01-25T11:50:07.000Z,4.258033,51.292517,189,10
2019-01-25T11:50:07.000Z,4.258033,51.292517,189,10
2019-01-25T11:53:07.000Z,4.258033,51.292567,189,10
2019-01-25T11:53:07.000Z,4.258033,51.292567,189,10
2019-01-25T11:53:07.000Z,4.258033,51.292567,189,10
2019-01-25T11:59:07.000Z,4.258033,51.292583,189,10
2019-01-25T11:59:07.000Z,4.258033,51.292583,189,10
2019-01-25T11:59:07.000Z,4.258033,51.292583,189,10
2019-01-25T12:02:11.000Z,4.25795,51.29265,189,10
2019-01-25T12:02:11.000Z,4.25795,51.29265,189,10
2019-01-25T12:02:11.000Z,4.25795,51.29265,189,10
2019-01-25T12:11:08.000Z,4.258,51.29255,189,10
2019-01-25T12:11:08.000Z,4.258,51.29255,189,10
2019-01-25T12:11:08.000Z,4.258,51.29255,189,10
2019-01-25T12:23:11.000Z,4.25805,51.292517,0,10
2019-01-25T12:23:11.000Z,4.25805,51.292517,0,10
2019-01-25T12:23:11.000Z,4.25805,51.292517,0,10
2019-01-25T12:29:07.000Z,4.258,51.292583,0,10
2019-01-25T12:29:07.000Z,4.258,51.292583,0,10
2019-01-25T12:29:07.000Z,4.258,51.292583,0,10
2019-01-25T12:32:14.000Z,4.258033,51.292583,0,10
2019-01-25T12:32:14.000Z,4.258033,51.292583,0,10
2019-01-25T12:32:14.000Z,4.258033,51.292583,0,10
2019-01-25T12:38:19.000Z,4.258133,51.292583,0,10
2019-01-25T12:38:19.000Z,4.258133,51.292583,0,10
2019-01-25T12:38:19.000Z,4.258133,51.292583,0,10
2019-01-25T12:44:37.000Z,4.2611,51.291517,3,16820
2019-01-25T12:44:37.000Z,4.2611,51.291517,3,16820
2019-01-25T12:44:37.000Z,4.2611,51.291517,3,16820
2019-01-25T12:47:07.000Z,4.260367,51.291033,1,27000
2019-01-25T12:47:07.000Z,4.260367,51.291033,1,27000
2019-01-25T12:47:07.000Z,4.260367,51.291033,1,27000
2019-01-25T12:50:01.000Z,4.2601830000000005,51.29115,0,10
2019-01-25T12:50:01.000Z,4.2601830000000005,51.29115,0,10
2019-01-25T12:50:01.000Z,4.2601830000000005,51.29115,0,10
2019-01-25T12:54:50.000Z,4.262733,51.29335,13,3430
2019-01-25T12:54:50.000Z,4.262733,51.29335,13,3430
2019-01-25T12:54:50.000Z,4.262733,51.29335,13,3430
2019-01-25T12:58:19.000Z,4.268883,51.299583,14,2840
2019-01-25T12:58:19.000Z,4.268883,51.299583,14,2840
2019-01-25T12:58:19.000Z,4.268883,51.299583,14,2840
2019-01-25T13:04:04.000Z,4.273933,51.311183,14,10
2019-01-25T13:04:04.000Z,4.273933,51.311183,14,10
2019-01-25T13:04:04.000Z,4.273933,51.311183,14,10
2019-01-25T13:06:30.000Z,4.273733,51.31665,15,35780
2019-01-25T13:06:30.000Z,4.273733,51.31665,15,35780
2019-01-25T13:06:30.000Z,4.273733,51.31665,15,35780
2019-01-25T13:11:27.000Z,4.275117,51.3298,17,300
2019-01-25T13:11:27.000Z,4.275117,51.3298,17,300
2019-01-25T13:11:27.000Z,4.275117,51.3298,17,300
2019-01-25T13:16:01.000Z,4.27135,51.340017,16,33770
2019-01-25T13:16:01.000Z,4.27135,51.340017,16,33770
2019-01-25T13:16:01.000Z,4.27135,51.340017,16,33770
2019-01-25T13:19:41.000Z,4.262033,51.34805,19,30610
2019-01-25T13:19:41.000Z,4.262033,51.34805,19,30610
2019-01-25T13:19:41.000Z,4.262033,51.34805,19,30610
2019-01-25T13:23:09.000Z,4.247333,51.353,20,29030
2019-01-25T13:23:09.000Z,4.247333,51.353,20,29030
2019-01-25T13:23:09.000Z,4.247333,51.353,20,29030
2019-01-25T13:27:55.000Z,4.226933,51.360667,22,31950
2019-01-25T13:27:55.000Z,4.226933,51.360667,22,31950
2019-01-25T13:27:55.000Z,4.226933,51.360667,22,31950
2019-01-25T13:31:41.000Z,4.218333,51.373767,25,34490
2019-01-25T13:31:41.000Z,4.218333,51.373767,25,34490
2019-01-25T13:31:41.000Z,4.218333,51.373767,25,34490
2019-01-25T13:35:29.000Z,4.213767,51.38885,27,34560
2019-01-25T13:35:29.000Z,4.213767,51.38885,27,34560
2019-01-25T13:35:29.000Z,4.213767,51.38885,27,34560
2019-01-25T13:40:04.000Z,4.193983,51.399783,24,27120
2019-01-25T13:40:04.000Z,4.193983,51.399783,24,27120
2019-01-25T13:40:04.000Z,4.193983,51.399783,24,27120
2019-01-25T13:43:24.000Z,4.176567,51.3941,25,22630
2019-01-25T13:43:24.000Z,4.176567,51.3941,25,22630
2019-01-25T13:43:24.000Z,4.176567,51.3941,25,22630
2019-01-25T13:48:09.000Z,4.1557,51.380617,27,22430
2019-01-25T13:48:09.000Z,4.1557,51.380617,27,22430
2019-01-25T13:48:09.000Z,4.1557,51.380617,27,22430
2019-01-25T13:52:11.000Z,4.133133,51.372067,28,25520
2019-01-25T13:52:11.000Z,4.133133,51.372067,28,25520
2019-01-25T13:52:11.000Z,4.133133,51.372067,28,25520
2019-01-25T13:55:29.000Z,4.110583,51.36935,28,26350
2019-01-25T13:55:29.000Z,4.110583,51.36935,28,26350
2019-01-25T13:55:29.000Z,4.110583,51.36935,28,26350
2019-01-25T13:59:43.000Z,4.081667,51.371017,29,28230
2019-01-25T13:59:43.000Z,4.081667,51.371017,29,28230
2019-01-25T13:59:43.000Z,4.081667,51.371017,29,28230
2019-01-25T14:03:48.000Z,4.054817,51.376133,28,29430
2019-01-25T14:03:48.000Z,4.054817,51.376133,28,29430
2019-01-25T14:03:48.000Z,4.054817,51.376133,28,29430
2019-01-25T14:07:51.000Z,4.0375,51.387367,26,34190
2019-01-25T14:07:51.000Z,4.0375,51.387367,26,34190
2019-01-25T14:07:51.000Z,4.0375,51.387367,26,34190
2019-01-25T14:11:57.000Z,4.036933,51.404033,189,35820
2019-01-25T14:11:57.000Z,4.036933,51.404033,189,35820
2019-01-25T14:11:57.000Z,4.036933,51.404033,189,35820
2019-01-25T14:16:11.000Z,4.031233,51.419317,25,33840
2019-01-25T14:16:11.000Z,4.031233,51.419317,25,33840
2019-01-25T14:16:11.000Z,4.031233,51.419317,25,33840
2019-01-25T14:19:16.000Z,4.020933,51.429083,25,31330
2019-01-25T14:19:16.000Z,4.020933,51.429083,25,31330
2019-01-25T14:19:16.000Z,4.020933,51.429083,25,31330
2019-01-25T14:23:31.000Z,3.998933,51.4374,25,27910
2019-01-25T14:23:31.000Z,3.998933,51.4374,25,27910
2019-01-25T14:23:31.000Z,3.998933,51.4374,25,27910
2019-01-25T14:27:45.000Z,3.976333,51.432983,24,22460
2019-01-25T14:27:45.000Z,3.976333,51.432983,24,22460
2019-01-25T14:27:45.000Z,3.976333,51.432983,24,22460
2019-01-25T14:31:28.000Z,3.964933,51.42185,24,20630
2019-01-25T14:31:28.000Z,3.964933,51.42185,24,20630
2019-01-25T14:31:28.000Z,3.964933,51.42185,24,20630
2019-01-25T14:35:59.000Z,3.95565,51.406283,25,19990
2019-01-25T14:35:59.000Z,3.95565,51.406283,25,19990
2019-01-25T14:35:59.000Z,3.95565,51.406283,25,19990
2019-01-25T14:39:33.000Z,3.950117,51.393517,25,19440
2019-01-25T14:39:33.000Z,3.950117,51.393517,25,19440
2019-01-25T14:39:33.000Z,3.950117,51.393517,25,19440
2019-01-25T14:43:53.000Z,3.936683,51.379367,25,22570
2019-01-25T14:43:53.000Z,3.936683,51.379367,25,22570
2019-01-25T14:43:53.000Z,3.936683,51.379367,25,22570
2019-01-25T14:48:01.000Z,3.916667,51.36998300000001,23,22930
2019-01-25T14:48:01.000Z,3.916667,51.36998300000001,23,22930
2019-01-25T14:48:01.000Z,3.916667,51.36998300000001,23,22930
2019-01-25T14:52:07.000Z,3.898267,51.36095,24,23480
2019-01-25T14:52:07.000Z,3.898267,51.36095,24,23480
2019-01-25T14:52:07.000Z,3.898267,51.36095,24,23480
2019-01-25T14:55:09.000Z,3.883733,51.3548,24,24790
2019-01-25T14:55:09.000Z,3.883733,51.3548,24,24790
2019-01-25T14:55:09.000Z,3.883733,51.3548,24,24790
2019-01-25T14:59:46.000Z,3.8577,51.349133,25,25280
2019-01-25T14:59:46.000Z,3.8577,51.349133,25,25280
2019-01-25T14:59:46.000Z,3.8577,51.349133,25,25280
2019-01-25T15:04:47.000Z,3.82925,51.347517,25,27000
2019-01-25T15:04:47.000Z,3.82925,51.347517,25,27000
2019-01-25T15:04:47.000Z,3.82925,51.347517,25,27000
2019-01-25T15:08:02.000Z,3.809767,51.348833,24,29040
2019-01-25T15:08:02.000Z,3.809767,51.348833,24,29040
2019-01-25T15:08:02.000Z,3.809767,51.348833,24,29040
2019-01-25T15:11:51.000Z,3.78925,51.35505,24,29690
2019-01-25T15:11:51.000Z,3.78925,51.35505,24,29690
2019-01-25T15:11:51.000Z,3.78925,51.35505,24,29690
2019-01-25T15:16:16.000Z,3.767333,51.362883,24,30300
2019-01-25T15:16:16.000Z,3.767333,51.362883,24,30300
2019-01-25T15:16:16.000Z,3.767333,51.362883,24,30300
2019-01-25T15:19:40.000Z,3.74845,51.368933,25,29660
2019-01-25T15:19:40.000Z,3.74845,51.368933,25,29660
2019-01-25T15:19:40.000Z,3.74845,51.368933,25,29660
2019-01-25T15:23:00.000Z,3.73115,51.3756,25,30840
2019-01-25T15:23:00.000Z,3.73115,51.3756,25,30840
2019-01-25T15:23:00.000Z,3.73115,51.3756,25,30840
2019-01-25T15:28:09.000Z,3.709833,51.389533,25,31990
2019-01-25T15:28:09.000Z,3.709833,51.389533,25,31990
2019-01-25T15:28:09.000Z,3.709833,51.389533,25,31990
2019-01-25T15:31:35.000Z,3.695533,51.399333,25,32290
2019-01-25T15:31:35.000Z,3.695533,51.399333,25,32290
2019-01-25T15:31:35.000Z,3.695533,51.399333,25,32290
2019-01-25T15:36:04.000Z,3.6789,51.412283,23,31460
2019-01-25T15:36:04.000Z,3.6789,51.412283,23,31460
2019-01-25T15:36:04.000Z,3.6789,51.412283,23,31460
2019-01-25T15:39:12.000Z,3.665183,51.418167,20,29060
2019-01-25T15:39:12.000Z,3.665183,51.418167,20,29060
2019-01-25T15:39:12.000Z,3.665183,51.418167,20,29060
2019-01-25T15:44:14.000Z,3.643667,51.419183,17,27000
2019-01-25T15:44:14.000Z,3.643667,51.419183,17,27000
2019-01-25T15:44:14.000Z,3.643667,51.419183,17,27000
2019-01-25T15:48:17.000Z,3.627367,51.419567,17,29100
2019-01-25T15:48:17.000Z,3.627367,51.419567,17,29100
2019-01-25T15:48:17.000Z,3.627367,51.419567,17,29100
2019-01-25T15:52:20.000Z,3.614633,51.4259,12,32400
2019-01-25T15:52:20.000Z,3.614633,51.4259,12,32400
2019-01-25T15:52:20.000Z,3.614633,51.4259,12,32400
2019-01-25T15:56:16.000Z,3.609017,51.4288,7,29720
2019-01-25T15:56:16.000Z,3.609017,51.4288,7,29720
2019-01-25T15:56:16.000Z,3.609017,51.4288,7,29720
2019-01-25T15:59:18.000Z,3.60065,51.431233,15,29340
2019-01-25T15:59:18.000Z,3.60065,51.431233,15,29340
2019-01-25T15:59:18.000Z,3.60065,51.431233,15,29340
2019-01-25T16:02:57.000Z,3.586867,51.433533,17,28360
2019-01-25T16:02:57.000Z,3.586867,51.433533,17,28360
2019-01-25T16:02:57.000Z,3.586867,51.433533,17,28360
2019-01-25T16:06:58.000Z,3.5719,51.43675,18,31170
2019-01-25T16:06:58.000Z,3.5719,51.43675,18,31170
2019-01-25T16:06:58.000Z,3.5719,51.43675,18,31170
2019-01-25T16:11:46.000Z,3.554617,51.446167,20,29580
2019-01-25T16:11:46.000Z,3.554617,51.446167,20,29580
2019-01-25T16:11:46.000Z,3.554617,51.446167,20,29580
2019-01-25T16:15:40.000Z,3.535917,51.450633,21,29090
2019-01-25T16:15:40.000Z,3.535917,51.450633,21,29090
2019-01-25T16:15:40.000Z,3.535917,51.450633,21,29090
2019-01-25T16:15:53.000Z,3.534317,51.450983,21,29050
2019-01-25T16:15:53.000Z,3.534317,51.450983,21,29050
2019-01-25T16:15:53.000Z,3.534317,51.450983,21,29050
2019-01-25T16:25:28.000Z,3.502717,51.480667,29,33060
2019-01-25T16:25:28.000Z,3.502717,51.480667,29,33060
2019-01-25T16:25:28.000Z,3.502717,51.480667,29,33060
2019-01-25T16:27:14.000Z,3.49525,51.487233,29,32240
2019-01-25T16:27:14.000Z,3.49525,51.487233,29,32240
2019-01-25T16:27:14.000Z,3.49525,51.487233,29,32240
2019-01-25T16:31:27.000Z,3.474717,51.498233,24,30730
2019-01-25T16:31:27.000Z,3.474717,51.498233,24,30730
2019-01-25T16:31:27.000Z,3.474717,51.498233,24,30730
2019-01-25T16:33:29.000Z,3.4652830000000003,51.502817,24,30780
2019-01-25T16:33:29.000Z,3.4652830000000003,51.502817,24,30780
2019-01-25T16:33:29.000Z,3.4652830000000003,51.502817,24,30780
2019-01-25T16:37:39.000Z,3.44525,51.51275,26,31240
2019-01-25T16:37:39.000Z,3.44525,51.51275,26,31240
2019-01-25T16:37:39.000Z,3.44525,51.51275,26,31240
2019-01-25T16:42:32.000Z,3.426733,51.528183,28,34880
2019-01-25T16:42:32.000Z,3.426733,51.528183,28,34880
2019-01-25T16:42:32.000Z,3.426733,51.528183,28,34880
2019-01-25T22:27:02.000Z,4.2766,52.85313299999999,30,4100
2019-01-25T22:27:02.000Z,4.2766,52.85313299999999,30,4100
2019-01-25T22:27:02.000Z,4.2766,52.85313299999999,30,4100
2019-01-26T17:54:14.000Z,7.92905,56.952267000000006,23,3070
2019-01-26T17:54:14.000Z,7.92905,56.952267000000006,23,3070
2019-01-26T17:54:14.000Z,7.92905,56.952267000000006,23,3070
2019-01-26T18:07:56.000Z,7.973133,56.9932,23,3050
2019-01-26T18:07:56.000Z,7.973133,56.9932,23,3050
2019-01-26T18:07:56.000Z,7.973133,56.9932,23,3050
2019-01-26T18:23:43.000Z,8.0246,57.040933,23,3090
2019-01-26T18:23:43.000Z,8.0246,57.040933,23,3090
2019-01-26T18:23:43.000Z,8.0246,57.040933,23,3090
2019-01-26T18:33:17.000Z,8.0553,57.06976700000001,23,2990
2019-01-26T18:33:17.000Z,8.0553,57.06976700000001,23,2990
2019-01-26T18:33:17.000Z,8.0553,57.06976700000001,23,2990
2019-01-26T18:39:34.000Z,8.075783,57.08881700000001,23,2950
2019-01-26T18:39:34.000Z,8.075783,57.08881700000001,23,2950
2019-01-26T18:39:34.000Z,8.075783,57.08881700000001,23,2950
2019-01-26T19:04:54.000Z,8.156883,57.16505,23,3010
2019-01-26T19:04:54.000Z,8.156883,57.16505,23,3010
2019-01-26T19:04:54.000Z,8.156883,57.16505,23,3010
2019-01-26T19:25:14.000Z,8.21945,57.226583,22,2770
2019-01-26T19:25:14.000Z,8.21945,57.226583,22,2770
2019-01-26T19:25:14.000Z,8.21945,57.226583,22,2770
2019-01-26T19:30:47.000Z,8.2363,57.243417,23,2980
2019-01-26T19:30:47.000Z,8.2363,57.243417,23,2980
2019-01-26T19:30:47.000Z,8.2363,57.243417,23,2980
2019-01-26T19:41:45.000Z,8.271067,57.27645,22,3330
2019-01-26T19:41:45.000Z,8.271067,57.27645,22,3330
2019-01-26T19:41:45.000Z,8.271067,57.27645,22,3330
2019-01-26T20:44:14.000Z,8.481917,57.458417,22,3530
2019-01-26T20:44:14.000Z,8.481917,57.458417,22,3530
2019-01-26T20:44:14.000Z,8.481917,57.458417,22,3530
2019-01-26T20:49:56.000Z,8.5018,57.47445,22,3420
2019-01-26T20:49:56.000Z,8.5018,57.47445,22,3420
2019-01-26T20:49:56.000Z,8.5018,57.47445,22,3420
2019-01-26T21:00:45.000Z,8.539633,57.504867,22,3350
2019-01-26T21:00:45.000Z,8.539633,57.504867,22,3350
2019-01-26T21:00:45.000Z,8.539633,57.504867,22,3350
2019-01-26T21:34:53.000Z,8.659417,57.600383,22,3390
2019-01-26T21:34:53.000Z,8.659417,57.600383,22,3390
2019-01-26T21:34:53.000Z,8.659417,57.600383,22,3390
2019-01-26T21:59:31.000Z,8.730767,57.66365,22,2910
2019-01-26T21:59:31.000Z,8.730767,57.66365,22,2910
2019-01-26T21:59:31.000Z,8.730767,57.66365,22,2910
2019-01-26T22:14:44.000Z,8.7896,57.7076,22,2590
2019-01-26T22:14:44.000Z,8.7896,57.7076,22,2590
2019-01-26T22:14:44.000Z,8.7896,57.7076,22,2590
2019-01-26T22:34:28.000Z,8.842283,57.760733,22,2770
2019-01-26T22:34:28.000Z,8.842283,57.760733,22,2770
2019-01-26T22:34:28.000Z,8.842283,57.760733,22,2770
2019-01-27T00:24:53.000Z,9.219,58.0709,21,3260
2019-01-27T00:24:53.000Z,9.219,58.0709,21,3260
2019-01-27T00:24:53.000Z,9.219,58.0709,21,3260
2019-01-27T00:46:34.000Z,9.2885,58.12925,20,3330
2019-01-27T00:46:34.000Z,9.2885,58.12925,20,3330
2019-01-27T00:46:34.000Z,9.2885,58.12925,20,3330
2019-01-27T01:23:34.000Z,9.4055,58.228017,20,3080
2019-01-27T01:23:34.000Z,9.4055,58.228017,20,3080
2019-01-27T01:23:34.000Z,9.4055,58.228017,20,3080
2019-01-27T01:39:14.000Z,9.4547,58.269,20,3300
2019-01-27T01:39:14.000Z,9.4547,58.269,20,3300
2019-01-27T01:39:14.000Z,9.4547,58.269,20,3300
2019-01-27T01:55:55.000Z,9.5075,58.3128,20,2940
2019-01-27T01:55:55.000Z,9.5075,58.3128,20,2940
2019-01-27T01:55:55.000Z,9.5075,58.3128,20,2940
2019-01-27T02:12:44.000Z,9.559283,58.357133,20,3220
2019-01-27T02:12:44.000Z,9.559283,58.357133,20,3220
2019-01-27T02:12:44.000Z,9.559283,58.357133,20,3220
2019-01-27T02:17:45.000Z,9.575133,58.370417,20,3350
2019-01-27T02:17:45.000Z,9.575133,58.370417,20,3350
2019-01-27T02:17:45.000Z,9.575133,58.370417,20,3350
2019-01-27T02:28:13.000Z,9.609167,58.397533,20,3400
2019-01-27T02:28:13.000Z,9.609167,58.397533,20,3400
2019-01-27T02:28:13.000Z,9.609167,58.397533,20,3400
2019-01-27T02:49:34.000Z,9.6858,58.45203299999999,25,3950
2019-01-27T02:49:34.000Z,9.6858,58.45203299999999,25,3950
2019-01-27T02:49:34.000Z,9.6858,58.45203299999999,25,3950
2019-01-27T02:53:34.000Z,9.705783,58.46443299999999,27,4030
2019-01-27T02:53:34.000Z,9.705783,58.46443299999999,27,4030
2019-01-27T02:53:34.000Z,9.705783,58.46443299999999,27,4030
2019-01-27T03:07:08.000Z,9.77425,58.50771700000001,27,3740
2019-01-27T03:07:08.000Z,9.77425,58.50771700000001,27,3740
2019-01-27T03:07:08.000Z,9.77425,58.50771700000001,27,3740
2019-01-27T03:18:48.000Z,9.831833,58.545033,27,3870
2019-01-27T03:18:48.000Z,9.831833,58.545033,27,3870
2019-01-27T03:18:48.000Z,9.831833,58.545033,27,3870
2019-01-27T03:24:30.000Z,9.86035,58.5633,27,3870
2019-01-27T03:24:30.000Z,9.86035,58.5633,27,3870
2019-01-27T03:24:30.000Z,9.86035,58.5633,27,3870
2019-01-27T03:42:08.000Z,9.9467,58.6188,27,3990
2019-01-27T03:42:08.000Z,9.9467,58.6188,27,3990
2019-01-27T03:42:08.000Z,9.9467,58.6188,27,3990
2019-01-27T03:44:46.000Z,9.959483,58.626783,27,3830
2019-01-27T03:44:46.000Z,9.959483,58.626783,27,3830
2019-01-27T03:44:46.000Z,9.959483,58.626783,27,3830
2019-01-27T03:59:58.000Z,10.037067,58.67225,26,3940
2019-01-27T03:59:58.000Z,10.037067,58.67225,26,3940
2019-01-27T03:59:58.000Z,10.037067,58.67225,26,3940
2019-01-27T04:09:56.000Z,10.086733,58.702367,26,4010
2019-01-27T04:09:56.000Z,10.086733,58.702367,26,4010
2019-01-27T04:09:56.000Z,10.086733,58.702367,26,4010
2019-01-27T04:16:46.000Z,10.120733,58.72315,26,4030
2019-01-27T04:16:46.000Z,10.120733,58.72315,26,4030
2019-01-27T04:16:46.000Z,10.120733,58.72315,26,4030
2019-01-27T04:35:11.000Z,10.2129,58.779483,27,3930
2019-01-27T04:35:11.000Z,10.2129,58.779483,27,3930
2019-01-27T04:35:11.000Z,10.2129,58.779483,27,3930
2019-01-27T04:36:32.000Z,10.21985,58.783733,27,4030
2019-01-27T04:36:32.000Z,10.21985,58.783733,27,4030
2019-01-27T04:36:32.000Z,10.21985,58.783733,27,4030
2019-01-27T04:52:22.000Z,10.305167,58.82851700000001,26,4850
2019-01-27T04:52:22.000Z,10.305167,58.82851700000001,26,4850
2019-01-27T04:52:22.000Z,10.305167,58.82851700000001,26,4850
2019-01-27T04:57:27.000Z,10.33435,58.84158299999999,27,5120
2019-01-27T04:57:27.000Z,10.33435,58.84158299999999,27,5120
2019-01-27T04:57:27.000Z,10.33435,58.84158299999999,27,5120
2019-01-27T05:07:51.000Z,10.396367,58.869033,27,4700
2019-01-27T05:07:51.000Z,10.396367,58.869033,27,4700
2019-01-27T05:07:51.000Z,10.396367,58.869033,27,4700
2019-01-27T05:08:21.000Z,10.399967,58.87075,27,4680
2019-01-27T05:08:21.000Z,10.399967,58.87075,27,4680
2019-01-27T05:08:21.000Z,10.399967,58.87075,27,4680
2019-01-27T05:16:07.000Z,10.443183,58.892783,27,4470
2019-01-27T05:16:07.000Z,10.443183,58.892783,27,4470
2019-01-27T05:16:07.000Z,10.443183,58.892783,27,4470
2019-01-27T05:18:29.000Z,10.456917,58.89985,27,4520
2019-01-27T05:18:29.000Z,10.456917,58.89985,27,4520
2019-01-27T05:18:29.000Z,10.456917,58.89985,27,4520
2019-01-27T05:21:39.000Z,10.47495,58.90915,27,4590
2019-01-27T05:21:39.000Z,10.47495,58.90915,27,4590
2019-01-27T05:21:39.000Z,10.47495,58.90915,27,4590
2019-01-27T05:25:48.000Z,10.499083,58.92146700000001,27,4560
2019-01-27T05:25:48.000Z,10.499083,58.92146700000001,27,4560
2019-01-27T05:25:48.000Z,10.499083,58.92146700000001,27,4560
2019-01-27T05:30:07.000Z,10.522817,58.933967,27,4400
2019-01-27T05:30:07.000Z,10.522817,58.933967,27,4400
2019-01-27T05:30:07.000Z,10.522817,58.933967,27,4400
2019-01-27T05:33:26.000Z,10.541833,58.943983,27,4440
2019-01-27T05:33:26.000Z,10.541833,58.943983,27,4440
2019-01-27T05:33:26.000Z,10.541833,58.943983,27,4440
2019-01-27T05:37:25.000Z,10.564417,58.95588299999999,28,4400
2019-01-27T05:37:25.000Z,10.564417,58.95588299999999,28,4400
2019-01-27T05:37:25.000Z,10.564417,58.95588299999999,28,4400
2019-01-27T05:42:05.000Z,10.592633,58.96856700000001,27,4970
2019-01-27T05:42:05.000Z,10.592633,58.96856700000001,27,4970
2019-01-27T05:42:05.000Z,10.592633,58.96856700000001,27,4970
2019-01-27T05:45:23.000Z,10.613983,58.9776,28,5250
2019-01-27T05:45:23.000Z,10.613983,58.9776,28,5250
2019-01-27T05:45:23.000Z,10.613983,58.9776,28,5250
2019-01-27T05:49:42.000Z,10.64175,58.9887,29,5230
2019-01-27T05:49:42.000Z,10.64175,58.9887,29,5230
2019-01-27T05:49:42.000Z,10.64175,58.9887,29,5230
2019-01-27T05:53:24.000Z,10.667033,58.99868299999999,29,5310
2019-01-27T05:53:24.000Z,10.667033,58.99868299999999,29,5310
2019-01-27T05:53:24.000Z,10.667033,58.99868299999999,29,5310
2019-01-27T05:56:51.000Z,10.689467,59.007,25,5320
2019-01-27T05:56:51.000Z,10.689467,59.007,25,5320
2019-01-27T05:56:51.000Z,10.689467,59.007,25,5320
2019-01-27T06:01:25.000Z,10.714583,59.01646700000001,21,5250
2019-01-27T06:01:25.000Z,10.714583,59.01646700000001,21,5250
2019-01-27T06:01:25.000Z,10.714583,59.01646700000001,21,5250
2019-01-27T06:05:39.000Z,10.732017,59.024533,14,1500
2019-01-27T06:05:39.000Z,10.732017,59.024533,14,1500
2019-01-27T06:05:39.000Z,10.732017,59.024533,14,1500
2019-01-27T06:09:07.000Z,10.732833,59.03211700000001,15,34550
2019-01-27T06:09:07.000Z,10.732833,59.03211700000001,15,34550
2019-01-27T06:09:07.000Z,10.732833,59.03211700000001,15,34550
2019-01-27T06:12:47.000Z,10.727033,59.042083,22,34300
2019-01-27T06:12:47.000Z,10.727033,59.042083,22,34300
2019-01-27T06:12:47.000Z,10.727033,59.042083,22,34300
2019-01-27T06:17:40.000Z,10.715317,59.06146700000001,30,34230
2019-01-27T06:17:40.000Z,10.715317,59.06146700000001,30,34230
2019-01-27T06:17:40.000Z,10.715317,59.06146700000001,30,34230
2019-01-27T06:19:47.000Z,10.709817,59.07055,30,34290
2019-01-27T06:19:47.000Z,10.709817,59.07055,30,34290
2019-01-27T06:19:47.000Z,10.709817,59.07055,30,34290
2019-01-27T06:25:11.000Z,10.695033,59.094067,30,34190
2019-01-27T06:25:11.000Z,10.695033,59.094067,30,34190
2019-01-27T06:25:11.000Z,10.695033,59.094067,30,34190
2019-01-27T06:29:34.000Z,10.682683,59.11325,30,34100
2019-01-27T06:29:34.000Z,10.682683,59.11325,30,34100
2019-01-27T06:29:34.000Z,10.682683,59.11325,30,34100
2019-01-27T06:33:52.000Z,10.6705,59.13223299999999,30,34170
2019-01-27T06:33:52.000Z,10.6705,59.13223299999999,30,34170
2019-01-27T06:33:52.000Z,10.6705,59.13223299999999,30,34170
2019-01-27T06:36:58.000Z,10.661767,59.14573299999999,30,34100
2019-01-27T06:36:58.000Z,10.661767,59.14573299999999,30,34100
2019-01-27T06:36:58.000Z,10.661767,59.14573299999999,30,34100
2019-01-27T06:42:11.000Z,10.653967,59.16915,30,35190
2019-01-27T06:42:11.000Z,10.653967,59.16915,30,35190
2019-01-27T06:42:11.000Z,10.653967,59.16915,30,35190
2019-01-27T06:45:15.000Z,10.650017,59.18335,31,35140
2019-01-27T06:45:15.000Z,10.650017,59.18335,31,35140
2019-01-27T06:45:15.000Z,10.650017,59.18335,31,35140
2019-01-27T06:49:34.000Z,10.643783,59.203067,31,35060
2019-01-27T06:49:34.000Z,10.643783,59.203067,31,35060
2019-01-27T06:49:34.000Z,10.643783,59.203067,31,35060
2019-01-27T06:53:40.000Z,10.637267,59.22185,30,35020
2019-01-27T06:53:40.000Z,10.637267,59.22185,30,35020
2019-01-27T06:53:40.000Z,10.637267,59.22185,30,35020
2019-01-27T06:57:52.000Z,10.630617,59.2408,30,35050
2019-01-27T06:57:52.000Z,10.630617,59.2408,30,35050
2019-01-27T06:57:52.000Z,10.630617,59.2408,30,35050
2019-01-27T07:02:03.000Z,10.624267,59.259417000000006,30,35030
2019-01-27T07:02:03.000Z,10.624267,59.259417000000006,30,35030
2019-01-27T07:02:03.000Z,10.624267,59.259417000000006,30,35030
2019-01-27T07:05:10.000Z,10.619467,59.273033,29,35010
2019-01-27T07:05:10.000Z,10.619467,59.273033,29,35010
2019-01-27T07:05:10.000Z,10.619467,59.273033,29,35010
2019-01-27T07:09:24.000Z,10.61315,59.2915,29,35030
2019-01-27T07:09:24.000Z,10.61315,59.2915,29,35030
2019-01-27T07:09:24.000Z,10.61315,59.2915,29,35030
2019-01-27T07:12:35.000Z,10.608483,59.305367,29,35110
2019-01-27T07:12:35.000Z,10.608483,59.305367,29,35110
2019-01-27T07:12:35.000Z,10.608483,59.305367,29,35110
2019-01-27T07:17:36.000Z,10.601117,59.3273,29,34940
2019-01-27T07:17:36.000Z,10.601117,59.3273,29,34940
2019-01-27T07:17:36.000Z,10.601117,59.3273,29,34940
2019-01-27T07:21:41.000Z,10.59415,59.345283,29,34870
2019-01-27T07:21:41.000Z,10.59415,59.345283,29,34870
2019-01-27T07:21:41.000Z,10.59415,59.345283,29,34870
2019-01-27T07:25:52.000Z,10.587117,59.363717,29,34890
2019-01-27T07:25:52.000Z,10.587117,59.363717,29,34890
2019-01-27T07:25:52.000Z,10.587117,59.363717,29,34890
2019-01-27T07:30:06.000Z,10.579667,59.38186700000001,29,34770
2019-01-27T07:30:06.000Z,10.579667,59.38186700000001,29,34770
2019-01-27T07:30:06.000Z,10.579667,59.38186700000001,29,34770
2019-01-27T07:33:19.000Z,10.573617,59.39585,29,34740
2019-01-27T07:33:19.000Z,10.573617,59.39585,29,34740
2019-01-27T07:33:19.000Z,10.573617,59.39585,29,34740
2019-01-27T07:37:29.000Z,10.56615,59.414383,30,34750
2019-01-27T07:37:29.000Z,10.56615,59.414383,30,34750
2019-01-27T07:37:29.000Z,10.56615,59.414383,30,34750
2019-01-27T07:41:41.000Z,10.558967,59.432867,29,35670
2019-01-27T07:41:41.000Z,10.558967,59.432867,29,35670
2019-01-27T07:41:41.000Z,10.558967,59.432867,29,35670
2019-01-27T07:45:52.000Z,10.5641,59.451083,29,1200
2019-01-27T07:45:52.000Z,10.5641,59.451083,29,1200
2019-01-27T07:45:52.000Z,10.5641,59.451083,29,1200
2019-01-27T07:49:53.000Z,10.570867,59.46808299999999,28,1090
2019-01-27T07:49:53.000Z,10.570867,59.46808299999999,28,1090
2019-01-27T07:49:53.000Z,10.570867,59.46808299999999,28,1090
2019-01-27T07:53:48.000Z,10.5774,59.484667,28,1180
2019-01-27T07:53:48.000Z,10.5774,59.484667,28,1180
2019-01-27T07:53:48.000Z,10.5774,59.484667,28,1180
2019-01-27T07:57:10.000Z,10.5829,59.499017,28,1170
2019-01-27T07:57:10.000Z,10.5829,59.499017,28,1170
2019-01-27T07:57:10.000Z,10.5829,59.499017,28,1170
2019-01-27T08:01:18.000Z,10.5897,59.5163,28,1160
2019-01-27T08:01:18.000Z,10.5897,59.5163,28,1160
2019-01-27T08:01:18.000Z,10.5897,59.5163,28,1160
2019-01-27T08:06:29.000Z,10.607667,59.5366,28,2590
2019-01-27T08:06:29.000Z,10.607667,59.5366,28,2590
2019-01-27T08:06:29.000Z,10.607667,59.5366,28,2590
2019-01-27T08:09:59.000Z,10.620367,59.549883,25,2700
2019-01-27T08:09:59.000Z,10.620367,59.549883,25,2700
2019-01-27T08:09:59.000Z,10.620367,59.549883,25,2700
2019-01-27T08:13:46.000Z,10.631233,59.56116700000001,19,2340
2019-01-27T08:13:46.000Z,10.631233,59.56116700000001,19,2340
2019-01-27T08:13:46.000Z,10.631233,59.56116700000001,19,2340
2019-01-27T08:17:04.000Z,10.6356,59.570517,19,430
2019-01-27T08:17:04.000Z,10.6356,59.570517,19,430
2019-01-27T08:17:04.000Z,10.6356,59.570517,19,430
2019-01-27T08:21:25.000Z,10.6361,59.583317,20,10
2019-01-27T08:21:25.000Z,10.6361,59.583317,20,10
2019-01-27T08:21:25.000Z,10.6361,59.583317,20,10
2019-01-27T08:26:04.000Z,10.635967,59.5976,20,10
2019-01-27T08:26:04.000Z,10.635967,59.5976,20,10
2019-01-27T08:26:04.000Z,10.635967,59.5976,20,10
2019-01-27T08:29:24.000Z,10.634783,59.60825,23,34590
2019-01-27T08:29:24.000Z,10.634783,59.60825,23,34590
2019-01-27T08:29:24.000Z,10.634783,59.60825,23,34590
2019-01-27T08:33:48.000Z,10.62735,59.626367,30,35300
2019-01-27T08:33:48.000Z,10.62735,59.626367,30,35300
2019-01-27T08:33:48.000Z,10.62735,59.626367,30,35300
2019-01-27T08:37:57.000Z,10.62235,59.64535,30,35190
2019-01-27T08:37:57.000Z,10.62235,59.64535,30,35190
2019-01-27T08:37:57.000Z,10.62235,59.64535,30,35190
2019-01-27T08:41:15.000Z,10.6187,59.65905,26,35260
2019-01-27T08:41:15.000Z,10.6187,59.65905,26,35260
2019-01-27T08:41:15.000Z,10.6187,59.65905,26,35260
2019-01-27T08:45:23.000Z,10.614417,59.674767,26,35280
2019-01-27T08:45:23.000Z,10.614417,59.674767,26,35280
2019-01-27T08:45:23.000Z,10.614417,59.674767,26,35280
2019-01-27T08:49:52.000Z,10.601767,59.690283,25,34340
2019-01-27T08:49:52.000Z,10.601767,59.690283,25,34340
2019-01-27T08:49:52.000Z,10.601767,59.690283,25,34340
2019-01-27T08:54:15.000Z,10.594467,59.706283,25,34790
2019-01-27T08:54:15.000Z,10.594467,59.706283,25,34790
2019-01-27T08:54:15.000Z,10.594467,59.706283,25,34790
2019-01-27T08:57:28.000Z,10.583767,59.716833,25,33490
2019-01-27T08:57:28.000Z,10.583767,59.716833,25,33490
2019-01-27T08:57:28.000Z,10.583767,59.716833,25,33490
2019-01-27T09:02:45.000Z,10.5781,59.736667,28,34860
2019-01-27T09:02:45.000Z,10.5781,59.736667,28,34860
2019-01-27T09:02:45.000Z,10.5781,59.736667,28,34860
2019-01-27T09:05:55.000Z,10.574683,59.75041700000001,30,35860
2019-01-27T09:05:55.000Z,10.574683,59.75041700000001,30,35860
2019-01-27T09:05:55.000Z,10.574683,59.75041700000001,30,35860
2019-01-27T09:09:17.000Z,10.573767,59.76555,29,35910
2019-01-27T09:09:17.000Z,10.573767,59.76555,29,35910
2019-01-27T09:09:17.000Z,10.573767,59.76555,29,35910
2019-01-27T09:13:25.000Z,10.5741,59.78421700000001,29,370
2019-01-27T09:13:25.000Z,10.5741,59.78421700000001,29,370
2019-01-27T09:13:25.000Z,10.5741,59.78421700000001,29,370
2019-01-27T09:17:54.000Z,10.577483,59.803733,29,530
2019-01-27T09:17:54.000Z,10.577483,59.803733,29,530
2019-01-27T09:17:54.000Z,10.577483,59.803733,29,530
2019-01-27T09:22:10.000Z,10.58605,59.822267,29,2110
2019-01-27T09:22:10.000Z,10.58605,59.822267,29,2110
2019-01-27T09:22:10.000Z,10.58605,59.822267,29,2110
2019-01-27T09:25:15.000Z,10.5986,59.834283,29,2880
2019-01-27T09:25:15.000Z,10.5986,59.834283,29,2880
2019-01-27T09:25:15.000Z,10.5986,59.834283,29,2880
2019-01-27T09:29:16.000Z,10.615967,59.84945,29,3080
2019-01-27T09:29:16.000Z,10.615967,59.84945,29,3080
2019-01-27T09:29:16.000Z,10.615967,59.84945,29,3080
2019-01-27T09:33:28.000Z,10.6352,59.864633,26,3340
2019-01-27T09:33:28.000Z,10.6352,59.864633,26,3340
2019-01-27T09:33:28.000Z,10.6352,59.864633,26,3340
2019-01-27T09:38:04.000Z,10.654033,59.8782,23,5150
2019-01-27T09:38:04.000Z,10.654033,59.8782,23,5150
2019-01-27T09:38:04.000Z,10.654033,59.8782,23,5150
2019-01-27T09:42:22.000Z,10.681167,59.87736700000001,22,11480
2019-01-27T09:42:22.000Z,10.681167,59.87736700000001,22,11480
2019-01-27T09:42:22.000Z,10.681167,59.87736700000001,22,11480
2019-01-27T09:44:10.000Z,10.6922,59.8749,20,11130
2019-01-27T09:44:10.000Z,10.6922,59.8749,20,11130
2019-01-27T09:44:10.000Z,10.6922,59.8749,20,11130
2019-01-27T09:50:01.000Z,10.717867,59.876633,13,7990
2019-01-27T09:50:01.000Z,10.717867,59.876633,13,7990
2019-01-27T09:50:01.000Z,10.717867,59.876633,13,7990
2019-01-27T09:53:22.000Z,10.72875,59.87875,9,6630
2019-01-27T09:53:22.000Z,10.72875,59.87875,9,6630
2019-01-27T09:53:22.000Z,10.72875,59.87875,9,6630
2019-01-27T09:55:41.000Z,10.733417,59.879783,6,6770
2019-01-27T09:55:41.000Z,10.733417,59.879783,6,6770
2019-01-27T09:55:41.000Z,10.733417,59.879783,6,6770
2019-01-27T10:01:10.000Z,10.74365,59.8829,7,4910
2019-01-27T10:01:10.000Z,10.74365,59.8829,7,4910
2019-01-27T10:01:10.000Z,10.74365,59.8829,7,4910
2019-01-27T10:05:23.000Z,10.7471,59.884233,1,5070
2019-01-27T10:05:23.000Z,10.7471,59.884233,1,5070
2019-01-27T10:05:23.000Z,10.7471,59.884233,1,5070
2019-01-27T10:09:42.000Z,10.7504,59.885183,2,6090
2019-01-27T10:09:42.000Z,10.7504,59.885183,2,6090
2019-01-27T10:09:42.000Z,10.7504,59.885183,2,6090
2019-01-27T10:13:23.000Z,10.752467,59.886133,1,2490
2019-01-27T10:13:23.000Z,10.752467,59.886133,1,2490
2019-01-27T10:13:23.000Z,10.752467,59.886133,1,2490
2019-01-27T10:17:40.000Z,10.75265,59.88611700000001,0,10
2019-01-27T10:17:40.000Z,10.75265,59.88611700000001,0,10
2019-01-27T10:17:40.000Z,10.75265,59.88611700000001,0,10
2019-01-27T10:20:52.000Z,10.752567,59.88615,0,10
2019-01-27T10:20:52.000Z,10.752567,59.88615,0,10
2019-01-27T10:20:52.000Z,10.752567,59.88615,0,10
2019-01-27T10:23:35.000Z,10.752617,59.886283,0,10
2019-01-27T10:23:35.000Z,10.752617,59.886283,0,10
2019-01-27T10:23:35.000Z,10.752617,59.886283,0,10
2019-01-27T10:26:41.000Z,10.752617,59.886217,0,10
2019-01-27T10:26:41.000Z,10.752617,59.886217,0,10
2019-01-27T10:26:41.000Z,10.752617,59.886217,0,10
2019-01-27T10:33:43.000Z,10.752583,59.886233,0,10
2019-01-27T10:33:43.000Z,10.752583,59.886233,0,10
2019-01-27T10:33:43.000Z,10.752583,59.886233,0,10
2019-01-27T10:36:44.000Z,10.752533,59.886217,0,10
2019-01-27T10:36:44.000Z,10.752533,59.886217,0,10
2019-01-27T10:36:44.000Z,10.752533,59.886217,0,10
2019-01-27T10:45:36.000Z,10.7525,59.886217,0,10
2019-01-27T10:45:36.000Z,10.7525,59.886217,0,10
2019-01-27T10:45:36.000Z,10.7525,59.886217,0,10
2019-01-27T10:51:44.000Z,10.752533,59.886133,0,10
2019-01-27T10:51:44.000Z,10.752533,59.886133,0,10
2019-01-27T10:51:44.000Z,10.752533,59.886133,0,10
2019-01-27T10:57:38.000Z,10.752517,59.886133,0,10
2019-01-27T10:57:38.000Z,10.752517,59.886133,0,10
2019-01-27T10:57:38.000Z,10.752517,59.886133,0,10
2019-01-27T11:03:36.000Z,10.752567,59.88605,0,10
2019-01-27T11:03:36.000Z,10.752567,59.88605,0,10
2019-01-27T11:03:36.000Z,10.752567,59.88605,0,10
2019-01-27T11:09:38.000Z,10.752583,59.8861,0,10
2019-01-27T11:09:38.000Z,10.752583,59.8861,0,10
2019-01-27T11:09:38.000Z,10.752583,59.8861,0,10
2019-01-27T11:15:36.000Z,10.752533,59.886183,189,10
2019-01-27T11:15:36.000Z,10.752533,59.886183,189,10
2019-01-27T11:15:36.000Z,10.752533,59.886183,189,10
2019-01-27T11:21:43.000Z,10.752533,59.886217,189,10
2019-01-27T11:21:43.000Z,10.752533,59.886217,189,10
2019-01-27T11:21:43.000Z,10.752533,59.886217,189,10
2019-01-27T11:24:45.000Z,10.75255,59.886183,189,10
2019-01-27T11:24:45.000Z,10.75255,59.886183,189,10
2019-01-27T11:24:45.000Z,10.75255,59.886183,189,10
2019-01-27T11:27:45.000Z,10.752583,59.8861,189,10
2019-01-27T11:27:45.000Z,10.752583,59.8861,189,10
2019-01-27T11:27:45.000Z,10.752583,59.8861,189,10
2019-01-27T11:33:45.000Z,10.75265,59.886133,189,10
2019-01-27T11:33:45.000Z,10.75265,59.886133,189,10
2019-01-27T11:33:45.000Z,10.75265,59.886133,189,10
2019-01-27T11:39:39.000Z,10.752567,59.886133,189,10
2019-01-27T11:39:39.000Z,10.752567,59.886133,189,10
2019-01-27T11:39:39.000Z,10.752567,59.886133,189,10
2019-01-27T11:45:39.000Z,10.7525,59.8862,189,10
2019-01-27T11:45:39.000Z,10.7525,59.8862,189,10
2019-01-27T11:45:39.000Z,10.7525,59.8862,189,10
2019-01-27T11:48:46.000Z,10.75255,59.886183,189,10
2019-01-27T11:48:46.000Z,10.75255,59.886183,189,10
2019-01-27T11:48:46.000Z,10.75255,59.886183,189,10
2019-01-27T11:57:40.000Z,10.752533,59.886183,189,10
2019-01-27T11:57:40.000Z,10.752533,59.886183,189,10
2019-01-27T11:57:40.000Z,10.752533,59.886183,189,10
2019-01-27T12:00:37.000Z,10.75255,59.8862,189,10
2019-01-27T12:00:37.000Z,10.75255,59.8862,189,10
2019-01-27T12:00:37.000Z,10.75255,59.8862,189,10
2019-01-27T12:03:40.000Z,10.752533,59.886183,189,10
2019-01-27T12:03:40.000Z,10.752533,59.886183,189,10
2019-01-27T12:03:40.000Z,10.752533,59.886183,189,10
2019-01-27T12:09:45.000Z,10.752533,59.8862,189,10
2019-01-27T12:09:45.000Z,10.752533,59.8862,189,10
2019-01-27T12:09:45.000Z,10.752533,59.8862,189,10
2019-01-27T12:12:36.000Z,10.752517,59.88616700000001,189,10
2019-01-27T12:12:36.000Z,10.752517,59.88616700000001,189,10
2019-01-27T12:12:36.000Z,10.752517,59.88616700000001,189,10
2019-01-27T12:15:41.000Z,10.752533,59.8862,189,10
2019-01-27T12:15:41.000Z,10.752533,59.8862,189,10
2019-01-27T12:15:41.000Z,10.752533,59.8862,189,10
2019-01-27T12:21:43.000Z,10.752417,59.886217,189,10
2019-01-27T12:21:43.000Z,10.752417,59.886217,189,10
2019-01-27T12:21:43.000Z,10.752417,59.886217,189,10
2019-01-27T12:27:38.000Z,10.752483,59.8862,189,10
2019-01-27T12:27:38.000Z,10.752483,59.8862,189,10
2019-01-27T12:27:38.000Z,10.752483,59.8862,189,10
2019-01-27T12:30:37.000Z,10.752533,59.886183,189,10
2019-01-27T12:30:37.000Z,10.752533,59.886183,189,10
2019-01-27T12:30:37.000Z,10.752533,59.886183,189,10
2019-01-27T12:36:38.000Z,10.752517,59.8862,189,10
2019-01-27T12:36:38.000Z,10.752517,59.8862,189,10
2019-01-27T12:36:38.000Z,10.752517,59.8862,189,10
2019-01-27T12:39:38.000Z,10.752517,59.886217,189,10
2019-01-27T12:39:38.000Z,10.752517,59.886217,189,10
2019-01-27T12:39:38.000Z,10.752517,59.886217,189,10
2019-01-27T12:42:41.000Z,10.752533,59.886217,189,10
2019-01-27T12:42:41.000Z,10.752533,59.886217,189,10
2019-01-27T12:42:41.000Z,10.752533,59.886217,189,10
2019-01-27T12:48:44.000Z,10.752517,59.886267,189,10
2019-01-27T12:48:44.000Z,10.752517,59.886267,189,10
2019-01-27T12:48:44.000Z,10.752517,59.886267,189,10
2019-01-27T12:57:42.000Z,10.752433,59.886217,189,10
2019-01-27T12:57:42.000Z,10.752433,59.886217,189,10
2019-01-27T12:57:42.000Z,10.752433,59.886217,189,10
2019-01-27T13:03:38.000Z,10.7525,59.88616700000001,189,10
2019-01-27T13:03:38.000Z,10.7525,59.88616700000001,189,10
2019-01-27T13:03:38.000Z,10.7525,59.88616700000001,189,10
2019-01-27T13:09:41.000Z,10.752483,59.88616700000001,189,10
2019-01-27T13:09:41.000Z,10.752483,59.88616700000001,189,10
2019-01-27T13:09:41.000Z,10.752483,59.88616700000001,189,10
2019-01-27T13:12:42.000Z,10.7525,59.88616700000001,189,10
2019-01-27T13:12:42.000Z,10.7525,59.88616700000001,189,10
2019-01-27T13:12:42.000Z,10.7525,59.88616700000001,189,10
2019-01-27T13:15:36.000Z,10.752517,59.8862,189,10
2019-01-27T13:15:36.000Z,10.752517,59.8862,189,10
2019-01-27T13:15:36.000Z,10.752517,59.8862,189,10
2019-01-27T13:21:45.000Z,10.752517,59.8862,189,10
2019-01-27T13:21:45.000Z,10.752517,59.8862,189,10
2019-01-27T13:21:45.000Z,10.752517,59.8862,189,10
2019-01-27T13:24:37.000Z,10.752517,59.88616700000001,189,10
2019-01-27T13:24:37.000Z,10.752517,59.88616700000001,189,10
2019-01-27T13:24:37.000Z,10.752517,59.88616700000001,189,10
2019-01-27T13:27:41.000Z,10.752567,59.8862,189,10
2019-01-27T13:27:41.000Z,10.752567,59.8862,189,10
2019-01-27T13:27:41.000Z,10.752567,59.8862,189,10
2019-01-27T13:30:41.000Z,10.75255,59.8862,189,10
2019-01-27T13:30:41.000Z,10.75255,59.8862,189,10
2019-01-27T13:30:41.000Z,10.75255,59.8862,189,10
2019-01-27T13:33:37.000Z,10.752517,59.886283,189,10
2019-01-27T13:33:37.000Z,10.752517,59.886283,189,10
2019-01-27T13:33:37.000Z,10.752517,59.886283,189,10
2019-01-27T13:39:40.000Z,10.752517,59.88616700000001,189,10
2019-01-27T13:39:40.000Z,10.752517,59.88616700000001,189,10
2019-01-27T13:39:40.000Z,10.752517,59.88616700000001,189,10
2019-01-27T13:42:36.000Z,10.752567,59.886183,189,10
2019-01-27T13:42:36.000Z,10.752567,59.886183,189,10
2019-01-27T13:42:36.000Z,10.752567,59.886183,189,10
2019-01-27T13:48:38.000Z,10.75255,59.886183,189,10
2019-01-27T13:48:38.000Z,10.75255,59.886183,189,10
2019-01-27T13:48:38.000Z,10.75255,59.886183,189,10
2019-01-27T13:51:36.000Z,10.752583,59.886183,189,10
2019-01-27T13:51:36.000Z,10.752583,59.886183,189,10
2019-01-27T13:51:36.000Z,10.752583,59.886183,189,10
2019-01-27T14:00:44.000Z,10.7525,59.886217,0,10
2019-01-27T14:00:44.000Z,10.7525,59.886217,0,10
2019-01-27T14:00:44.000Z,10.7525,59.886217,0,10
2019-01-27T14:03:38.000Z,10.752533,59.886233,0,10
2019-01-27T14:03:38.000Z,10.752533,59.886233,0,10
2019-01-27T14:03:38.000Z,10.752533,59.886233,0,10
2019-01-27T14:09:41.000Z,10.7525,59.886217,0,10
2019-01-27T14:09:41.000Z,10.7525,59.886217,0,10
2019-01-27T14:09:41.000Z,10.7525,59.886217,0,10
2019-01-27T14:15:45.000Z,10.75255,59.886233,0,10
2019-01-27T14:15:45.000Z,10.75255,59.886233,0,10
2019-01-27T14:15:45.000Z,10.75255,59.886233,0,10
2019-01-27T14:18:36.000Z,10.752517,59.886183,0,10
2019-01-27T14:18:36.000Z,10.752517,59.886183,0,10
2019-01-27T14:18:36.000Z,10.752517,59.886183,0,10
2019-01-27T14:21:38.000Z,10.75255,59.88616700000001,0,10
2019-01-27T14:21:38.000Z,10.75255,59.88616700000001,0,10
2019-01-27T14:21:38.000Z,10.75255,59.88616700000001,0,10
2019-01-27T14:27:36.000Z,10.7525,59.8862,0,10
2019-01-27T14:27:36.000Z,10.7525,59.8862,0,10
2019-01-27T14:27:36.000Z,10.7525,59.8862,0,10
2019-01-27T14:30:43.000Z,10.752517,59.8862,189,10
2019-01-27T14:30:43.000Z,10.752517,59.8862,189,10
2019-01-27T14:30:43.000Z,10.752517,59.8862,189,10
2019-01-27T14:36:37.000Z,10.752517,59.886183,189,10
2019-01-27T14:36:37.000Z,10.752517,59.886183,189,10
2019-01-27T14:36:37.000Z,10.752517,59.886183,189,10
2019-01-27T14:39:39.000Z,10.7525,59.886217,189,10
2019-01-27T14:39:39.000Z,10.7525,59.886217,189,10
2019-01-27T14:39:39.000Z,10.7525,59.886217,189,10
2019-01-27T14:45:40.000Z,10.752517,59.88616700000001,189,10
2019-01-27T14:45:40.000Z,10.752517,59.88616700000001,189,10
2019-01-27T14:45:40.000Z,10.752517,59.88616700000001,189,10
2019-01-27T14:51:44.000Z,10.75245,59.886183,189,10
2019-01-27T14:51:44.000Z,10.75245,59.886183,189,10
2019-01-27T14:51:44.000Z,10.75245,59.886183,189,10
2019-01-27T14:57:38.000Z,10.752533,59.886217,189,10
2019-01-27T14:57:38.000Z,10.752533,59.886217,189,10
2019-01-27T14:57:38.000Z,10.752533,59.886217,189,10
2019-01-27T15:00:44.000Z,10.752567,59.88625,189,10
2019-01-27T15:00:44.000Z,10.752567,59.88625,189,10
2019-01-27T15:00:44.000Z,10.752567,59.88625,189,10
2019-01-27T15:03:44.000Z,10.7525,59.88616700000001,189,10
2019-01-27T15:03:44.000Z,10.7525,59.88616700000001,189,10
2019-01-27T15:03:44.000Z,10.7525,59.88616700000001,189,10
2019-01-27T15:09:42.000Z,10.75255,59.886183,189,10
2019-01-27T15:09:42.000Z,10.75255,59.886183,189,10
2019-01-27T15:09:42.000Z,10.75255,59.886183,189,10
2019-01-27T15:12:36.000Z,10.752533,59.886233,189,10
2019-01-27T15:12:36.000Z,10.752533,59.886233,189,10
2019-01-27T15:12:36.000Z,10.752533,59.886233,189,10
2019-01-27T15:15:43.000Z,10.7525,59.8862,189,10
2019-01-27T15:15:43.000Z,10.7525,59.8862,189,10
2019-01-27T15:15:43.000Z,10.7525,59.8862,189,10
2019-01-27T15:21:43.000Z,10.7517,59.88665,189,10
2019-01-27T15:21:43.000Z,10.7517,59.88665,189,10
2019-01-27T15:21:43.000Z,10.7517,59.88665,189,10
2019-01-27T15:24:44.000Z,10.752533,59.886183,189,10
2019-01-27T15:24:44.000Z,10.752533,59.886183,189,10
2019-01-27T15:24:44.000Z,10.752533,59.886183,189,10
2019-01-27T15:27:40.000Z,10.752517,59.8862,189,10
2019-01-27T15:27:40.000Z,10.752517,59.8862,189,10
2019-01-27T15:27:40.000Z,10.752517,59.8862,189,10
2019-01-27T15:30:45.000Z,10.752517,59.886183,189,10
2019-01-27T15:30:45.000Z,10.752517,59.886183,189,10
2019-01-27T15:30:45.000Z,10.752517,59.886183,189,10
2019-01-27T15:33:36.000Z,10.752533,59.88615,189,10
2019-01-27T15:33:36.000Z,10.752533,59.88615,189,10
2019-01-27T15:33:36.000Z,10.752533,59.88615,189,10
2019-01-27T15:36:37.000Z,10.752517,59.88625,189,10
2019-01-27T15:36:37.000Z,10.752517,59.88625,189,10
2019-01-27T15:36:37.000Z,10.752517,59.88625,189,10
2019-01-27T15:48:42.000Z,10.7525,59.88616700000001,189,10
2019-01-27T15:48:42.000Z,10.7525,59.88616700000001,189,10
2019-01-27T15:48:42.000Z,10.7525,59.88616700000001,189,10
2019-01-27T15:51:37.000Z,10.7525,59.8862,189,10
2019-01-27T15:51:37.000Z,10.7525,59.8862,189,10
2019-01-27T15:51:37.000Z,10.7525,59.8862,189,10
2019-01-27T15:54:41.000Z,10.752333,59.886417,189,10
2019-01-27T15:54:41.000Z,10.752333,59.886417,189,10
2019-01-27T15:54:41.000Z,10.752333,59.886417,189,10
2019-01-27T16:03:41.000Z,10.752517,59.8862,189,10
2019-01-27T16:03:41.000Z,10.752517,59.8862,189,10
2019-01-27T16:03:41.000Z,10.752517,59.8862,189,10
2019-01-27T16:06:36.000Z,10.752567,59.8862,189,10
2019-01-27T16:06:36.000Z,10.752567,59.8862,189,10
2019-01-27T16:06:36.000Z,10.752567,59.8862,189,10
2019-01-27T16:12:44.000Z,10.752533,59.8862,189,10
2019-01-27T16:12:44.000Z,10.752533,59.8862,189,10
2019-01-27T16:12:44.000Z,10.752533,59.8862,189,10
2019-01-27T16:21:39.000Z,10.752483,59.8862,189,10
2019-01-27T16:21:39.000Z,10.752483,59.8862,189,10
2019-01-27T16:21:39.000Z,10.752483,59.8862,189,10
2019-01-27T16:27:43.000Z,10.752533,59.8862,189,10
2019-01-27T16:27:43.000Z,10.752533,59.8862,189,10
2019-01-27T16:27:43.000Z,10.752533,59.8862,189,10
2019-01-27T16:30:38.000Z,10.75255,59.886233,189,10
2019-01-27T16:30:38.000Z,10.75255,59.886233,189,10
2019-01-27T16:30:38.000Z,10.75255,59.886233,189,10
2019-01-27T16:33:39.000Z,10.752433,59.886267,189,10
2019-01-27T16:33:39.000Z,10.752433,59.886267,189,10
2019-01-27T16:33:39.000Z,10.752433,59.886267,189,10
2019-01-27T16:36:42.000Z,10.75245,59.886233,189,10
2019-01-27T16:36:42.000Z,10.75245,59.886233,189,10
2019-01-27T16:36:42.000Z,10.75245,59.886233,189,10
2019-01-27T16:42:41.000Z,10.7525,59.886233,189,10
2019-01-27T16:42:41.000Z,10.7525,59.886233,189,10
2019-01-27T16:42:41.000Z,10.7525,59.886233,189,10
2019-01-27T16:48:38.000Z,10.752567,59.8862,0,10
2019-01-27T16:48:38.000Z,10.752567,59.8862,0,10
2019-01-27T16:48:38.000Z,10.752567,59.8862,0,10
2019-01-27T16:57:37.000Z,10.752533,59.886217,0,10
2019-01-27T16:57:37.000Z,10.752533,59.886217,0,10
2019-01-27T16:57:37.000Z,10.752533,59.886217,0,10
2019-01-27T17:00:45.000Z,10.7526,59.886267,0,10
2019-01-27T17:00:45.000Z,10.7526,59.886267,0,10
2019-01-27T17:00:45.000Z,10.7526,59.886267,0,10
2019-01-27T17:06:44.000Z,10.752517,59.88616700000001,0,10
2019-01-27T17:06:44.000Z,10.752517,59.88616700000001,0,10
2019-01-27T17:06:44.000Z,10.752517,59.88616700000001,0,10
2019-01-27T17:15:44.000Z,10.752583,59.8862,0,10
2019-01-27T17:15:44.000Z,10.752583,59.8862,0,10
2019-01-27T17:15:44.000Z,10.752583,59.8862,0,10
2019-01-27T17:21:44.000Z,10.75255,59.886183,0,10
2019-01-27T17:21:44.000Z,10.75255,59.886183,0,10
2019-01-27T17:21:44.000Z,10.75255,59.886183,0,10
2019-01-27T17:27:45.000Z,10.75255,59.8862,0,10
2019-01-27T17:27:45.000Z,10.75255,59.8862,0,10
2019-01-27T17:27:45.000Z,10.75255,59.8862,0,10
2019-01-27T17:33:45.000Z,10.752517,59.88616700000001,0,10
2019-01-27T17:33:45.000Z,10.752517,59.88616700000001,0,10
2019-01-27T17:33:45.000Z,10.752517,59.88616700000001,0,10
2019-01-27T17:36:36.000Z,10.752483,59.886183,0,10
2019-01-27T17:36:36.000Z,10.752483,59.886183,0,10
2019-01-27T17:36:36.000Z,10.752483,59.886183,0,10
2019-01-27T17:39:36.000Z,10.752517,59.886217,0,10
2019-01-27T17:39:36.000Z,10.752517,59.886217,0,10
2019-01-27T17:39:36.000Z,10.752517,59.886217,0,10
2019-01-27T17:45:37.000Z,10.752483,59.886183,0,10
2019-01-27T17:45:37.000Z,10.752483,59.886183,0,10
2019-01-27T17:45:37.000Z,10.752483,59.886183,0,10
2019-01-27T17:54:44.000Z,10.7525,59.886183,0,10
2019-01-27T17:54:44.000Z,10.7525,59.886183,0,10
2019-01-27T17:54:44.000Z,10.7525,59.886183,0,10
2019-01-27T17:57:39.000Z,10.752483,59.88616700000001,0,10
2019-01-27T17:57:39.000Z,10.752483,59.88616700000001,0,10
2019-01-27T17:57:39.000Z,10.752483,59.88616700000001,0,10
2019-01-27T18:03:43.000Z,10.752517,59.88615,0,10
2019-01-27T18:03:43.000Z,10.752517,59.88615,0,10
2019-01-27T18:03:43.000Z,10.752517,59.88615,0,10
2019-01-27T18:09:37.000Z,10.752533,59.8862,0,10
2019-01-27T18:09:37.000Z,10.752533,59.8862,0,10
2019-01-27T18:09:37.000Z,10.752533,59.8862,0,10
2019-01-27T18:15:37.000Z,10.752533,59.8862,0,10
2019-01-27T18:15:37.000Z,10.752533,59.8862,0,10
2019-01-27T18:15:37.000Z,10.752533,59.8862,0,10
2019-01-27T18:21:37.000Z,10.752567,59.886183,0,10
2019-01-27T18:21:37.000Z,10.752567,59.886183,0,10
2019-01-27T18:21:37.000Z,10.752567,59.886183,0,10
2019-01-27T18:30:36.000Z,10.752533,59.88615,0,10
2019-01-27T18:30:36.000Z,10.752533,59.88615,0,10
2019-01-27T18:30:36.000Z,10.752533,59.88615,0,10
2019-01-27T18:33:36.000Z,10.7525,59.886217,0,10
2019-01-27T18:33:36.000Z,10.7525,59.886217,0,10
2019-01-27T18:33:36.000Z,10.7525,59.886217,0,10
2019-01-27T18:36:38.000Z,10.752517,59.8862,0,10
2019-01-27T18:36:38.000Z,10.752517,59.8862,0,10
2019-01-27T18:36:38.000Z,10.752517,59.8862,0,10
2019-01-27T18:42:43.000Z,10.752517,59.886217,0,10
2019-01-27T18:42:43.000Z,10.752517,59.886217,0,10
2019-01-27T18:42:43.000Z,10.752517,59.886217,0,10
2019-01-27T18:45:44.000Z,10.752533,59.886217,0,10
2019-01-27T18:45:44.000Z,10.752533,59.886217,0,10
2019-01-27T18:45:44.000Z,10.752533,59.886217,0,10
2019-01-27T18:48:38.000Z,10.752517,59.886217,0,10
2019-01-27T18:48:38.000Z,10.752517,59.886217,0,10
2019-01-27T18:48:38.000Z,10.752517,59.886217,0,10
2019-01-27T18:54:43.000Z,10.752533,59.88616700000001,0,10
2019-01-27T18:54:43.000Z,10.752533,59.88616700000001,0,10
2019-01-27T18:54:43.000Z,10.752533,59.88616700000001,0,10
2019-01-27T18:57:46.000Z,10.752567,59.8862,0,10
2019-01-27T18:57:46.000Z,10.752567,59.8862,0,10
2019-01-27T18:57:46.000Z,10.752567,59.8862,0,10
2019-01-27T19:00:37.000Z,10.752483,59.88616700000001,0,10
2019-01-27T19:00:37.000Z,10.752483,59.88616700000001,0,10
2019-01-27T19:00:37.000Z,10.752483,59.88616700000001,0,10
2019-01-27T19:06:37.000Z,10.7525,59.88615,0,10
2019-01-27T19:06:37.000Z,10.7525,59.88615,0,10
2019-01-27T19:06:37.000Z,10.7525,59.88615,0,10
2019-01-27T19:09:37.000Z,10.752483,59.886183,0,10
2019-01-27T19:09:37.000Z,10.752483,59.886183,0,10
2019-01-27T19:09:37.000Z,10.752483,59.886183,0,10
2019-01-27T19:12:45.000Z,10.752533,59.886183,0,10
2019-01-27T19:12:45.000Z,10.752533,59.886183,0,10
2019-01-27T19:12:45.000Z,10.752533,59.886183,0,10
2019-01-27T19:18:45.000Z,10.752517,59.886217,0,10
2019-01-27T19:18:45.000Z,10.752517,59.886217,0,10
2019-01-27T19:18:45.000Z,10.752517,59.886217,0,10
2019-01-27T19:24:45.000Z,10.75255,59.886283,0,10
2019-01-27T19:24:45.000Z,10.75255,59.886283,0,10
2019-01-27T19:24:45.000Z,10.75255,59.886283,0,10
2019-01-27T19:30:37.000Z,10.752567,59.88625,189,10
2019-01-27T19:30:37.000Z,10.752567,59.88625,189,10
2019-01-27T19:30:37.000Z,10.752567,59.88625,189,10
2019-01-27T19:33:43.000Z,10.752567,59.8862,189,10
2019-01-27T19:33:43.000Z,10.752567,59.8862,189,10
2019-01-27T19:33:43.000Z,10.752567,59.8862,189,10
2019-01-27T19:39:39.000Z,10.752567,59.886217,189,10
2019-01-27T19:39:39.000Z,10.752567,59.886217,189,10
2019-01-27T19:39:39.000Z,10.752567,59.886217,189,10
2019-01-27T19:55:03.000Z,10.752517,59.8862,0,10
2019-01-27T19:55:03.000Z,10.752517,59.8862,0,10
2019-01-27T19:55:03.000Z,10.752517,59.8862,0,10
2019-01-27T19:59:33.000Z,10.752483,59.8862,0,10
2019-01-27T19:59:33.000Z,10.752483,59.8862,0,10
2019-01-27T19:59:33.000Z,10.752483,59.8862,0,10
2019-01-27T20:02:44.000Z,10.752583,59.88631700000001,0,10
2019-01-27T20:02:44.000Z,10.752583,59.88631700000001,0,10
2019-01-27T20:02:44.000Z,10.752583,59.88631700000001,0,10
2019-01-27T20:07:12.000Z,10.752517,59.886183,0,10
2019-01-27T20:07:12.000Z,10.752517,59.886183,0,10
2019-01-27T20:07:12.000Z,10.752517,59.886183,0,10
2019-01-27T20:11:43.000Z,10.752517,59.8862,0,10
2019-01-27T20:11:43.000Z,10.752517,59.8862,0,10
2019-01-27T20:11:43.000Z,10.752517,59.8862,0,10
2019-01-27T20:18:23.000Z,10.743783,59.88396700000001,17,24590
2019-01-27T20:18:23.000Z,10.743783,59.88396700000001,17,24590
2019-01-27T20:18:23.000Z,10.743783,59.88396700000001,17,24590
2019-01-27T20:22:36.000Z,10.72205,59.87765,17,25050
2019-01-27T20:22:36.000Z,10.72205,59.87765,17,25050
2019-01-27T20:22:36.000Z,10.72205,59.87765,17,25050
2019-01-27T20:26:12.000Z,10.70385,59.875733,20,27000
2019-01-27T20:26:12.000Z,10.70385,59.875733,20,27000
2019-01-27T20:26:12.000Z,10.70385,59.875733,20,27000
2019-01-27T20:28:06.000Z,10.69215,59.877067,22,28500
2019-01-27T20:28:06.000Z,10.69215,59.877067,22,28500
2019-01-27T20:28:06.000Z,10.69215,59.877067,22,28500
2019-01-27T20:35:13.000Z,10.6467,59.877033,22,24410
2019-01-27T20:35:13.000Z,10.6467,59.877033,22,24410
2019-01-27T20:35:13.000Z,10.6467,59.877033,22,24410
2019-01-27T20:43:51.000Z,10.601917,59.85305,27,22470
2019-01-27T20:43:51.000Z,10.601917,59.85305,27,22470
2019-01-27T20:43:51.000Z,10.601917,59.85305,27,22470
2019-01-27T20:48:06.000Z,10.5802,59.84008299999999,25,20470
2019-01-27T20:48:06.000Z,10.5802,59.84008299999999,25,20470
2019-01-27T20:48:06.000Z,10.5802,59.84008299999999,25,20470
2019-01-27T20:51:10.000Z,10.57635,59.82845,26,18720
2019-01-27T20:51:10.000Z,10.57635,59.82845,26,18720
2019-01-27T20:51:10.000Z,10.57635,59.82845,26,18720
2019-01-27T20:55:32.000Z,10.5717,59.8113,26,18750
2019-01-27T20:55:32.000Z,10.5717,59.8113,26,18750
2019-01-27T20:55:32.000Z,10.5717,59.8113,26,18750
2019-01-27T21:00:00.000Z,10.567117,59.79355,26,18980
2019-01-27T21:00:00.000Z,10.567117,59.79355,26,18980
2019-01-27T21:00:00.000Z,10.567117,59.79355,26,18980
2019-01-27T21:03:21.000Z,10.562367,59.780233,26,19020
2019-01-27T21:03:21.000Z,10.562367,59.780233,26,19020
2019-01-27T21:03:21.000Z,10.562367,59.780233,26,19020
2019-01-27T21:07:42.000Z,10.556467,59.76355,25,19010
2019-01-27T21:07:42.000Z,10.556467,59.76355,25,19010
2019-01-27T21:07:42.000Z,10.556467,59.76355,25,19010
2019-01-27T21:09:55.000Z,10.553733,59.75575,23,19040
2019-01-27T21:09:55.000Z,10.553733,59.75575,23,19040
2019-01-27T21:09:55.000Z,10.553733,59.75575,23,19040
2019-01-27T21:14:17.000Z,10.551333,59.74166700000001,18,18000
2019-01-27T21:14:17.000Z,10.551333,59.74166700000001,18,18000
2019-01-27T21:14:17.000Z,10.551333,59.74166700000001,18,18000
2019-01-27T21:18:43.000Z,10.556417,59.731067,15,14690
2019-01-27T21:18:43.000Z,10.556417,59.731067,15,14690
2019-01-27T21:18:43.000Z,10.556417,59.731067,15,14690
2019-01-27T21:23:16.000Z,10.569983,59.721333,21,14410
2019-01-27T21:23:16.000Z,10.569983,59.721333,21,14410
2019-01-27T21:23:16.000Z,10.569983,59.721333,21,14410
2019-01-27T21:27:36.000Z,10.578633,59.7085,18,17240
2019-01-27T21:27:36.000Z,10.578633,59.7085,18,17240
2019-01-27T21:27:36.000Z,10.578633,59.7085,18,17240
2019-01-27T21:31:57.000Z,10.587217,59.6976,20,15030
2019-01-27T21:31:57.000Z,10.587217,59.6976,20,15030
2019-01-27T21:31:57.000Z,10.587217,59.6976,20,15030
2019-01-27T21:35:22.000Z,10.600417,59.68831700000001,22,14420
2019-01-27T21:35:22.000Z,10.600417,59.68831700000001,22,14420
2019-01-27T21:35:22.000Z,10.600417,59.68831700000001,22,14420
2019-01-27T21:39:44.000Z,10.612983,59.67535,22,16990
2019-01-27T21:39:44.000Z,10.612983,59.67535,22,16990
2019-01-27T21:39:44.000Z,10.612983,59.67535,22,16990
2019-01-27T21:43:05.000Z,10.617017,59.663167,25,17350
2019-01-27T21:43:05.000Z,10.617017,59.663167,25,17350
2019-01-27T21:43:05.000Z,10.617017,59.663167,25,17350
2019-01-27T21:47:29.000Z,10.6209,59.644633,30,17450
2019-01-27T21:47:29.000Z,10.6209,59.644633,30,17450
2019-01-27T21:47:29.000Z,10.6209,59.644633,30,17450
2019-01-27T21:51:42.000Z,10.625,59.6251,31,17440
2019-01-27T21:51:42.000Z,10.625,59.6251,31,17440
2019-01-27T21:51:42.000Z,10.625,59.6251,31,17440
2019-01-27T21:55:55.000Z,10.628417,59.605033,32,17770
2019-01-27T21:55:55.000Z,10.628417,59.605033,32,17770
2019-01-27T21:55:55.000Z,10.628417,59.605033,32,17770
2019-01-27T21:59:10.000Z,10.629467,59.589183,32,17800
2019-01-27T21:59:10.000Z,10.629467,59.589183,32,17800
2019-01-27T21:59:10.000Z,10.629467,59.589183,32,17800
2019-01-27T22:03:42.000Z,10.626317,59.567417000000006,32,19930
2019-01-27T22:03:42.000Z,10.626317,59.567417000000006,32,19930
2019-01-27T22:03:42.000Z,10.626317,59.567417000000006,32,19930
2019-01-27T22:07:48.000Z,10.610367,59.549283,31,20480
2019-01-27T22:07:48.000Z,10.610367,59.549283,31,20480
2019-01-27T22:07:48.000Z,10.610367,59.549283,31,20480
2019-01-27T22:12:07.000Z,10.592467,59.53100000000001,31,20730
2019-01-27T22:12:07.000Z,10.592467,59.53100000000001,31,20730
2019-01-27T22:12:07.000Z,10.592467,59.53100000000001,31,20730
2019-01-27T22:15:16.000Z,10.578567,59.51731700000001,32,20850
2019-01-27T22:15:16.000Z,10.578567,59.51731700000001,32,20850
2019-01-27T22:15:16.000Z,10.578567,59.51731700000001,32,20850
2019-01-27T22:19:37.000Z,10.56885,59.49745,32,18680
2019-01-27T22:19:37.000Z,10.56885,59.49745,32,18680
2019-01-27T22:19:37.000Z,10.56885,59.49745,32,18680
2019-01-27T22:23:53.000Z,10.564367,59.4767,32,18640
2019-01-27T22:23:53.000Z,10.564367,59.4767,32,18640
2019-01-27T22:23:53.000Z,10.564367,59.4767,32,18640
2019-01-27T22:27:18.000Z,10.559083,59.46036700000001,32,19030
2019-01-27T22:27:18.000Z,10.559083,59.46036700000001,32,19030
2019-01-27T22:27:18.000Z,10.559083,59.46036700000001,32,19030
