timestamp,longitude,latitude,speed,direction
2019-05-08T01:58:17.000Z,95.042148,6.144567,30,27170
2019-05-08T02:44:56.000Z,94.833147,6.153733,28,27610
2019-05-08T07:30:29.000Z,93.547973,6.096507,30,26730
2019-05-08T13:27:54.000Z,91.89612,6.029963,32,26690
2019-05-08T16:32:47.000Z,91.02528,5.99288,31,26770
2019-05-08T16:34:18.000Z,91.018107,5.992507,31,26600
2019-05-08T16:46:21.000Z,90.9608,5.990373,31,26800
2019-05-08T16:48:21.000Z,90.951147,5.99008,31,26890
2019-05-08T17:11:32.000Z,90.84096,5.985973,31,26900
2019-05-08T17:13:43.000Z,90.83056,5.985493,32,26860
2019-05-09T02:32:24.000Z,88.19329300000003,5.868047,32,26560
2019-05-09T03:57:20.000Z,87.78296,5.8584,31,26800
2019-05-09T04:14:37.000Z,87.701972,5.853898,31,26800
2019-05-09T04:21:00.000Z,87.671467,5.852053,32,26820
2019-05-09T04:37:37.000Z,87.589668,5.8467150000000006,32,26620
2019-05-09T06:13:36.000Z,87.134187,5.828133,31,26590
2019-05-09T06:22:32.000Z,87.092347,5.82584,31,26460
2019-05-09T07:02:56.000Z,86.899467,5.814373000000002,31,26560
2019-05-09T07:13:54.000Z,86.84765300000002,5.811253,31,26460
2019-05-09T08:06:45.000Z,86.587413,5.794987,32,26590
2019-05-09T08:07:32.000Z,86.5836,5.79472,32,26690
2019-05-09T08:07:45.000Z,86.58256,5.794693,32,26660
2019-05-09T08:08:33.000Z,86.57871999999998,5.794613,32,27160
2019-05-09T08:41:39.000Z,86.410933,5.788773,32,26790
2019-05-09T13:49:53.000Z,84.899855,5.732933,33,26650
2019-05-09T16:56:56.000Z,83.9856,5.6943199999999985,31,27300
2019-05-09T16:58:02.000Z,83.980267,5.6948,31,27330
2019-05-09T18:35:23.000Z,83.500373,5.675147,31,26790
2019-05-09T18:43:44.000Z,83.461013,5.673627,32,26790
2019-05-09T19:34:03.000Z,83.21382,5.6607980000000016,32,26500
2019-05-10T03:32:38.000Z,80.885733,5.6336,33,27180
2019-05-10T03:35:31.000Z,80.871387,5.634133,33,27330
2019-05-10T03:36:38.000Z,80.86533299999998,5.6346669999999985,33,27490
2019-05-10T04:01:59.000Z,80.74250699999997,5.644,31,26930
2019-05-10T04:02:59.000Z,80.737707,5.643947,31,26960
2019-05-10T04:12:51.000Z,80.690027,5.646347,32,27460
2019-05-10T04:15:14.000Z,80.67864,5.646987,32,27390
2019-05-10T04:27:30.000Z,80.6216,5.659013,32,29090
2019-05-10T04:29:23.000Z,80.61312,5.6623470000000005,32,29160
2019-05-10T05:29:19.000Z,80.35925,5.80932,32,30120
2019-05-10T05:31:13.000Z,80.351085,5.814153,32,30150
2019-05-10T05:32:01.000Z,80.34756999999998,5.816152,32,29900
2019-05-10T05:32:13.000Z,80.346753,5.816652,32,30220
2019-05-10T05:34:13.000Z,80.338238,5.821798,32,29860
2019-05-10T05:34:24.000Z,80.33757299999998,5.8223,32,30280
2019-05-10T05:36:24.000Z,80.329077,5.827298000000001,32,30220
2019-05-10T05:37:13.000Z,80.325577,5.829482,32,30030
2019-05-10T05:37:30.000Z,80.32441,5.830148,32,30060
2019-05-10T05:37:49.000Z,80.323077,5.830963,32,30150
2019-05-10T05:38:01.000Z,80.322243,5.831482,32,30220
2019-05-10T05:38:07.000Z,80.32174300000001,5.831813,32,29930
2019-05-10T05:38:13.000Z,80.32124300000002,5.8319800000000015,32,30020
2019-05-10T05:38:24.000Z,80.320412,5.83248,32,29960
2019-05-10T05:38:55.000Z,80.318412,5.833813,32,30310
2019-05-10T05:39:48.000Z,80.314565,5.836112,32,30060
2019-05-10T05:40:48.000Z,80.310415,5.838462,32,30120
2019-05-10T05:41:01.000Z,80.309415,5.8391449999999985,32,30090
2019-05-10T05:41:13.000Z,80.308598,5.839477,32,29900
2019-05-10T05:41:24.000Z,80.307765,5.840162,33,30310
2019-05-10T05:41:43.000Z,80.306433,5.840827,33,30310
2019-05-10T05:41:48.000Z,80.3061,5.84116,32,30030
2019-05-10T05:41:54.000Z,80.305583,5.8414769999999985,32,30320
2019-05-10T05:42:01.000Z,80.3051,5.84166,32,30190
2019-05-10T05:42:07.000Z,80.30475,5.841977,32,30090
2019-05-10T05:42:13.000Z,80.304417,5.842143,32,30280
2019-05-10T05:42:19.000Z,80.303917,5.842477,33,30090
2019-05-10T05:42:24.000Z,80.303585,5.842642,32,30220
2019-05-10T05:42:31.000Z,80.303085,5.842958,32,30020
2019-05-10T05:42:37.000Z,80.302752,5.843293,32,30220
2019-05-10T05:42:43.000Z,80.302252,5.843458,33,30090
2019-05-10T05:42:48.000Z,80.301902,5.843625,32,30060
2019-05-10T05:42:54.000Z,80.301418,5.843977,33,30250
2019-05-10T05:43:01.000Z,80.30091800000002,5.844292,33,29960
2019-05-10T05:43:13.000Z,80.300087,5.84481,32,30310
2019-05-10T05:43:19.000Z,80.299585,5.845142,32,29930
2019-05-10T05:43:24.000Z,80.29925300000002,5.845308,32,30090
2019-05-10T05:43:31.000Z,80.29892,5.845642,33,30280
2019-05-10T05:43:37.000Z,80.298418,5.845808,32,30090
2019-05-10T05:43:43.000Z,80.29791999999998,5.846142,33,30090
2019-05-10T05:43:48.000Z,80.297587,5.8463080000000005,33,30150
2019-05-10T05:43:54.000Z,80.297253,5.846642,32,30280
2019-05-10T05:44:01.000Z,80.29675300000002,5.846808,33,30020
2019-05-10T05:44:07.000Z,80.29625300000002,5.847142,33,30180
2019-05-10T05:44:19.000Z,80.29542,5.847625,32,30090
2019-05-10T05:44:24.000Z,80.29507199999998,5.84779,33,30150
2019-05-10T05:44:31.000Z,80.294588,5.84814,32,30180
2019-05-10T05:44:37.000Z,80.294238,5.848457,33,30340
2019-05-10T05:44:43.000Z,80.293737,5.848773,32,29800
2019-05-10T05:44:48.000Z,80.293255,5.84894,32,30060
2019-05-10T05:44:54.000Z,80.292905,5.849108,33,30310
2019-05-10T05:45:00.000Z,80.292405,5.84944,32,29830
2019-05-10T05:45:07.000Z,80.291905,5.849607,32,29990
2019-05-10T05:45:13.000Z,80.291572,5.84994,32,30220
2019-05-10T05:45:19.000Z,80.291072,5.8502730000000005,32,29830
2019-05-10T05:45:24.000Z,80.290738,5.85029,32,29800
2019-05-10T05:45:37.000Z,80.289905,5.850957,32,29990
2019-05-10T05:45:43.000Z,80.289422,5.85114,32,29960
2019-05-10T05:45:48.000Z,80.289088,5.851307,32,30220
2019-05-10T05:45:55.000Z,80.288588,5.85164,32,29990
2019-05-10T05:46:00.000Z,80.288257,5.851807,32,29990
2019-05-10T05:46:07.000Z,80.287757,5.85214,32,30220
2019-05-10T05:46:13.000Z,80.287257,5.852473000000002,32,30220
2019-05-10T05:46:19.000Z,80.286922,5.852823,32,30090
2019-05-10T05:46:24.000Z,80.28660500000002,5.85299,32,30190
2019-05-10T05:46:31.000Z,80.28609,5.8533230000000005,32,30250
2019-05-10T05:46:37.000Z,80.28575699999998,5.85349,32,30290
2019-05-10T05:46:43.000Z,80.285257,5.853805,32,30090
2019-05-10T05:46:48.000Z,80.284775,5.853987999999998,32,30250
2019-05-10T05:46:55.000Z,80.284442,5.854323,32,30280
2019-05-10T05:47:00.000Z,80.283925,5.854472,33,30150
2019-05-10T05:47:07.000Z,80.283592,5.854805000000002,32,30260
2019-05-10T05:47:13.000Z,80.28309200000002,5.854988,32,30220
2019-05-10T05:47:19.000Z,80.28275699999998,5.855305,32,30150
2019-05-10T05:47:24.000Z,80.282423,5.855472,32,30150
2019-05-10T05:47:31.000Z,80.281925,5.855805,32,30060
2019-05-10T05:47:37.000Z,80.281423,5.856138,32,29990
2019-05-10T05:47:43.000Z,80.281092,5.856305,32,30250
2019-05-10T05:47:48.000Z,80.28075799999998,5.856657,32,30220
2019-05-10T05:47:55.000Z,80.28009,5.856972,32,29930
2019-05-10T05:48:00.000Z,80.279775,5.857157,32,30350
2019-05-10T05:48:07.000Z,80.279258,5.857488,32,30250
2019-05-10T05:48:13.000Z,80.278925,5.857638,32,30030
2019-05-10T05:48:19.000Z,80.27860799999998,5.857972,32,30420
2019-05-10T05:48:24.000Z,80.278092,5.858155,32,30320
2019-05-10T05:48:31.000Z,80.27759300000002,5.85847,32,30220
2019-05-10T05:48:37.000Z,80.27725799999997,5.858638,32,30060
2019-05-10T05:48:43.000Z,80.276927,5.8589720000000005,32,30290
2019-05-10T05:48:48.000Z,80.276593,5.8591370000000005,32,30350
2019-05-10T05:49:07.000Z,80.275243,5.859937,32,30060
2019-05-10T05:49:13.000Z,80.274743,5.86027,32,30150
2019-05-10T05:49:19.000Z,80.27441,5.860437,32,30060
2019-05-10T05:49:24.000Z,80.274077,5.86077,32,30030
2019-05-10T05:49:48.000Z,80.272243,5.86177,32,29990
2019-05-10T05:50:13.000Z,80.270578,5.862787,32,30250
2019-05-10T05:50:19.000Z,80.270095,5.86297,32,30090
2019-05-10T05:50:24.000Z,80.269762,5.863303,32,30020
2019-05-10T05:50:31.000Z,80.269245,5.863453,33,30310
2019-05-10T05:50:48.000Z,80.268095,5.864303,32,30180
2019-05-10T05:50:55.000Z,80.267595,5.864637,32,30220
2019-05-10T05:51:07.000Z,80.266762,5.865137,32,30190
2019-05-10T05:51:13.000Z,80.266262,5.865469999999998,32,30150
2019-05-10T05:51:24.000Z,80.26559499999998,5.865803,32,30090
2019-05-10T05:51:31.000Z,80.265095,5.866137,32,30220
2019-05-10T05:51:37.000Z,80.264762,5.866301999999999,32,30020
2019-05-10T05:51:48.000Z,80.263763,5.866968,32,30250
2019-05-10T05:51:55.000Z,80.26343,5.867135,32,30060
2019-05-10T05:52:00.000Z,80.26293000000003,5.867468,32,30030
2019-05-10T05:52:07.000Z,80.262597,5.867635,32,30220
2019-05-10T05:52:13.000Z,80.262147,5.867935,32,30220
2019-05-10T05:52:19.000Z,80.261715,5.868168,32,29900
2019-05-10T05:52:24.000Z,80.261365,5.868385,32,30090
2019-05-10T05:52:31.000Z,80.260882,5.868685,32,30320
2019-05-10T05:52:37.000Z,80.260448,5.868933,32,29860
2019-05-10T05:52:43.000Z,80.260032,5.869167,32,29960
2019-05-10T05:52:48.000Z,80.259615,5.8694180000000005,32,30320
2019-05-10T05:52:55.000Z,80.259198,5.869668,32,29890
2019-05-10T05:53:00.000Z,80.258765,5.869902,32,29760
2019-05-10T05:53:07.000Z,80.258282,5.870202,32,30250
2019-05-10T05:53:13.000Z,80.25785,5.87045,32,29860
2019-05-10T05:53:19.000Z,80.2575,5.87065,32,29960
2019-05-10T05:53:24.000Z,80.257098,5.870902,32,29990
2019-05-10T05:53:31.000Z,80.256665,5.87115,32,30030
2019-05-10T05:53:37.000Z,80.256265,5.871408,32,30060
2019-05-10T05:53:43.000Z,80.255847,5.871677,32,30130
2019-05-10T05:53:48.000Z,80.25549699999998,5.871873,32,29960
2019-05-10T05:53:55.000Z,80.255015,5.87216,32,30290
2019-05-10T05:54:00.000Z,80.254665,5.872393,32,30260
2019-05-10T05:54:07.000Z,80.25418,5.872675,32,30030
2019-05-10T05:54:13.000Z,80.253747,5.872907,32,30060
2019-05-10T05:54:19.000Z,80.253348,5.873177,32,30290
2019-05-10T05:54:25.000Z,80.252912,5.873423000000002,32,29990
2019-05-10T05:54:31.000Z,80.25249699999998,5.873673,32,30030
2019-05-10T05:54:37.000Z,80.252015,5.873957,32,30030
2019-05-10T05:54:42.000Z,80.251665,5.874158,32,30190
2019-05-10T05:54:48.000Z,80.25124699999998,5.874403,32,29900
2019-05-10T05:54:55.000Z,80.250817,5.87465,32,29930
2019-05-10T05:55:00.000Z,80.250415,5.8749080000000005,32,30220
2019-05-10T05:55:07.000Z,80.249915,5.875205,32,29900
2019-05-10T05:55:13.000Z,80.249567,5.87541,32,30160
2019-05-10T05:55:19.000Z,80.249147,5.875657,32,30090
2019-05-10T05:55:25.000Z,80.248733,5.875925,32,30160
2019-05-10T05:55:31.000Z,80.248315,5.876158,32,30160
2019-05-10T05:55:37.000Z,80.247897,5.876405,32,29900
2019-05-10T05:55:42.000Z,80.24755,5.876625,32,30130
2019-05-10T05:55:49.000Z,80.247065,5.876907,32,30090
2019-05-10T05:55:55.000Z,80.24663000000002,5.877155,32,29960
2019-05-10T05:56:00.000Z,80.24628299999998,5.877358,32,30360
2019-05-10T05:56:07.000Z,80.245797,5.877637,32,30030
2019-05-10T05:56:13.000Z,80.245297,5.877903,32,29960
2019-05-10T05:56:19.000Z,80.24493199999998,5.878087,32,30120
2019-05-10T05:56:25.000Z,80.244515,5.878318,32,29890
2019-05-10T05:56:31.000Z,80.24408000000003,5.878535,32,29890
2019-05-10T05:56:37.000Z,80.243648,5.878752,32,29860
2019-05-10T05:56:42.000Z,80.24323199999998,5.878983,32,29590
2019-05-10T05:56:49.000Z,80.24278199999998,5.879183,32,29860
2019-05-10T05:56:55.000Z,80.242363,5.8794,32,29730
2019-05-10T05:57:00.000Z,80.24193199999998,5.879617,31,29590
2019-05-10T05:57:07.000Z,80.24149799999998,5.879832,32,29560
2019-05-10T05:57:13.000Z,80.241065,5.880033,32,29660
2019-05-10T05:57:19.000Z,80.24063199999998,5.88025,31,29560
2019-05-10T05:57:25.000Z,80.24019799999998,5.8804680000000005,32,29660
2019-05-10T05:57:31.000Z,80.239767,5.880685,31,29590
2019-05-10T05:57:37.000Z,80.23933199999998,5.880898,32,29500
2019-05-10T05:57:42.000Z,80.23898299999998,5.881087,32,29860
2019-05-10T05:57:49.000Z,80.23839699999998,5.881382,32,29360
2019-05-10T05:57:55.000Z,80.238033,5.88155,31,29660
2019-05-10T05:58:00.000Z,80.23761800000003,5.881785,31,29830
2019-05-10T05:58:07.000Z,80.237098,5.882032,32,29460
2019-05-10T05:58:13.000Z,80.23675,5.882218,32,29760
2019-05-10T05:58:19.000Z,80.236233,5.8824830000000015,32,29690
2019-05-10T05:58:31.000Z,80.23545,5.8828830000000005,32,29660
2019-05-10T05:58:37.000Z,80.235017,5.8831,32,29630
2019-05-10T05:58:49.000Z,80.23415,5.883533,32,29730
2019-05-10T05:58:55.000Z,80.233717,5.88375,32,29560
2019-05-10T05:59:00.000Z,80.23335,5.883913,32,29500
2019-05-10T05:59:07.000Z,80.23285,5.884185,32,29820
2019-05-10T05:59:13.000Z,80.23241999999998,5.884397,32,29500
2019-05-10T05:59:25.000Z,80.231487,5.884867,32,29760
2019-05-10T05:59:37.000Z,80.23062,5.8852980000000015,32,29560
2019-05-10T05:59:42.000Z,80.230253,5.885483,32,29690
2019-05-10T05:59:49.000Z,80.229753,5.885732,32,29560
2019-05-10T05:59:55.000Z,80.229387,5.885915,32,29600
2019-05-10T06:00:00.000Z,80.228955,5.886132,32,29760
2019-05-10T06:00:07.000Z,80.22851999999997,5.886348,32,29690
2019-05-10T06:00:13.000Z,80.228087,5.886582,32,29690
2019-05-10T06:00:19.000Z,80.227587,5.886833,32,29730
2019-05-10T06:00:25.000Z,80.22721999999997,5.887015,32,29690
2019-05-10T06:00:31.000Z,80.226788,5.8872480000000005,32,29730
2019-05-10T06:00:37.000Z,80.226353,5.887467,32,29830
2019-05-10T06:00:49.000Z,80.22549000000002,5.887898000000002,32,29860
2019-05-10T06:01:00.000Z,80.224622,5.888312,32,29560
2019-05-10T06:01:07.000Z,80.22412299999998,5.888582,31,29760
2019-05-10T06:01:12.000Z,80.22375699999998,5.888763,32,29760
2019-05-10T06:01:19.000Z,80.223238,5.888993,32,29430
2019-05-10T06:01:25.000Z,80.22280699999997,5.889217,32,29860
2019-05-10T06:01:31.000Z,80.222438,5.889397,32,29630
2019-05-10T06:01:37.000Z,80.22200500000002,5.889595,32,29560
2019-05-10T06:01:42.000Z,80.22157299999998,5.889812999999998,31,29630
2019-05-10T06:01:49.000Z,80.221138,5.89003,32,29560
2019-05-10T06:01:55.000Z,80.22062199999998,5.8902800000000015,32,29660
2019-05-10T06:02:07.000Z,80.219822,5.890662,32,29400
2019-05-10T06:02:12.000Z,80.219392,5.8908830000000005,32,29890
2019-05-10T06:02:19.000Z,80.21895500000002,5.891093,32,29300
2019-05-10T06:02:25.000Z,80.218525,5.8913129999999985,32,29760
2019-05-10T06:02:31.000Z,80.218092,5.89153,32,29730
2019-05-10T06:02:37.000Z,80.21759200000002,5.891797,32,29630
2019-05-10T06:02:42.000Z,80.217225,5.891982,32,29760
2019-05-10T06:02:48.000Z,80.21679,5.892195,32,29690
2019-05-10T06:02:55.000Z,80.21629200000002,5.8924629999999985,32,29660
2019-05-10T06:03:00.000Z,80.215925,5.892648,32,29830
2019-05-10T06:03:07.000Z,80.215407,5.892877,32,29460
2019-05-10T06:03:13.000Z,80.215058,5.89308,32,29790
2019-05-10T06:03:19.000Z,80.214558,5.893328,32,29630
2019-05-10T06:03:25.000Z,80.214107,5.893527,32,29590
2019-05-10T06:03:31.000Z,80.21374200000002,5.893712,32,29760
2019-05-10T06:03:37.000Z,80.213327,5.893947,32,29690
2019-05-10T06:03:42.000Z,80.212875,5.894143,32,29460
2019-05-10T06:03:48.000Z,80.212508,5.894312,32,29690
2019-05-10T06:03:55.000Z,80.21200999999998,5.894578,32,29730
2019-05-10T06:04:00.000Z,80.211575,5.894777,32,29590
2019-05-10T06:04:07.000Z,80.21114200000002,5.894993,32,29500
2019-05-10T06:04:12.000Z,80.21077700000002,5.895177,32,29500
2019-05-10T06:04:19.000Z,80.210193,5.895462,32,29790
2019-05-10T06:04:25.000Z,80.209742,5.895658,32,29400
2019-05-10T06:04:31.000Z,80.20931,5.89588,32,29690
2019-05-10T06:04:37.000Z,80.208875,5.8960930000000005,32,29460
2019-05-10T06:04:42.000Z,80.20851,5.89626,32,29530
2019-05-10T06:04:48.000Z,80.208078,5.896495,32,29660
2019-05-10T06:04:54.000Z,80.207643,5.896692,32,29260
2019-05-10T06:05:00.000Z,80.207193,5.896913,32,29760
2019-05-10T06:05:07.000Z,80.206778,5.897147,32,29860
2019-05-10T06:05:12.000Z,80.206327,5.89734,32,29460
2019-05-10T06:05:19.000Z,80.205828,5.897595,32,29660
2019-05-10T06:05:31.000Z,80.205028,5.897995,32,29720
2019-05-10T06:05:37.000Z,80.204577,5.8981900000000005,32,29400
2019-05-10T06:05:48.000Z,80.203778,5.898577,32,29720
2019-05-10T06:05:54.000Z,80.203345,5.89879,32,29500
2019-05-10T06:06:00.000Z,80.20283,5.899025,32,29530
2019-05-10T06:06:07.000Z,80.202313,5.89926,32,29590
2019-05-10T06:06:12.000Z,80.201947,5.899443,32,29630
2019-05-10T06:06:19.000Z,80.201428,5.899692,32,29430
2019-05-10T06:06:24.000Z,80.201063,5.899875,32,29500
2019-05-10T06:06:31.000Z,80.200565,5.900125,32,29660
2019-05-10T06:06:37.000Z,80.200132,5.900343,32,29590
2019-05-10T06:06:43.000Z,80.199682,5.900558,32,29560
2019-05-10T06:06:49.000Z,80.199332,5.900743,32,29600
2019-05-10T06:06:54.000Z,80.198882,5.900943,32,29760
2019-05-10T06:07:00.000Z,80.198447,5.901175,32,29460
2019-05-10T06:07:07.000Z,80.198015,5.901395,32,29790
2019-05-10T06:07:12.000Z,80.197582,5.901608,32,29560
2019-05-10T06:07:19.000Z,80.197132,5.901807,32,29560
2019-05-10T06:07:24.000Z,80.1967,5.902043,32,29920
2019-05-10T06:07:31.000Z,80.196265,5.902258,32,29460
2019-05-10T06:07:37.000Z,80.195748,5.902488,32,29460
2019-05-10T06:07:49.000Z,80.194948,5.902893,32,29690
2019-05-10T06:08:07.000Z,80.19355,5.903575,32,29630
2019-05-10T06:08:19.000Z,80.192665,5.9039730000000015,32,29460
2019-05-10T06:08:31.000Z,80.191865,5.904357,32,29630
2019-05-10T06:08:37.000Z,80.191415,5.904573,32,29500
2019-05-10T06:08:43.000Z,80.190967,5.9047730000000005,32,29500
2019-05-10T06:09:00.000Z,80.18965,5.905408,32,29560
2019-05-10T06:09:07.000Z,80.1892,5.905623,32,29430
2019-05-10T06:09:13.000Z,80.188682,5.905857,32,29500
2019-05-10T06:09:19.000Z,80.18825,5.906092,32,29630
2019-05-10T06:09:24.000Z,80.187882,5.906238,32,29360
2019-05-10T06:09:31.000Z,80.18736700000002,5.906492,32,29600
2019-05-10T06:09:37.000Z,80.18691700000002,5.906708,32,29630
2019-05-10T06:09:43.000Z,80.18648,5.906923,32,29330
2019-05-10T06:09:48.000Z,80.1861,5.907092,32,29590
2019-05-10T06:09:55.000Z,80.185598,5.907342,32,29530
2019-05-10T06:10:00.000Z,80.18521700000002,5.9075050000000005,32,29430
2019-05-10T06:10:07.000Z,80.184783,5.907725,32,29630
2019-05-10T06:10:13.000Z,80.184333,5.90794,32,29430
2019-05-10T06:10:19.000Z,80.183902,5.908157,32,29560
2019-05-10T06:10:31.000Z,80.183017,5.90859,32,29530
2019-05-10T06:10:37.000Z,80.182568,5.908807,32,29560
2019-05-10T06:10:43.000Z,80.182135,5.909025,32,29600
2019-05-10T06:10:49.000Z,80.181685,5.9092400000000005,32,29560
2019-05-10T06:10:55.000Z,80.181168,5.909492,32,29660
2019-05-10T06:11:00.000Z,80.180818,5.9096730000000015,32,29660
2019-05-10T06:11:07.000Z,80.180285,5.909923,32,29530
2019-05-10T06:11:13.000Z,80.179852,5.91014,32,29690
2019-05-10T06:11:19.000Z,80.179485,5.910323,32,29560
2019-05-10T06:11:24.000Z,80.179053,5.91054,32,29730
2019-05-10T06:11:31.000Z,80.178537,5.910788,32,29530
2019-05-10T06:11:37.000Z,80.178087,5.911007,32,29720
2019-05-10T06:11:42.000Z,80.17772,5.91119,32,29720
2019-05-10T06:11:49.000Z,80.17720200000002,5.911438,32,29400
2019-05-10T06:11:55.000Z,80.176837,5.911607,32,29720
2019-05-10T06:12:00.000Z,80.17647,5.911807,32,29730
2019-05-10T06:12:06.000Z,80.175953,5.9120550000000005,32,29500
2019-05-10T06:12:13.000Z,80.175503,5.912255,32,29600
2019-05-10T06:12:19.000Z,80.175088,5.9124919999999985,32,29990
2019-05-10T06:12:24.000Z,80.17470300000002,5.912672,32,29460
2019-05-10T06:12:31.000Z,80.174122,5.912957,32,29600
2019-05-10T06:12:36.000Z,80.173755,5.913143,32,29950
2019-05-10T06:12:42.000Z,80.17331800000002,5.913353,32,29400
2019-05-10T06:12:49.000Z,80.17280500000003,5.913605,32,29560
2019-05-10T06:12:55.000Z,80.172353,5.913807,32,29760
2019-05-10T06:13:00.000Z,80.172005,5.914007,32,29760
2019-05-10T06:13:06.000Z,80.171553,5.914203,32,29360
2019-05-10T06:13:13.000Z,80.171122,5.914405,32,29660
2019-05-10T06:13:18.000Z,80.170672,5.9146220000000005,32,29630
2019-05-10T06:13:24.000Z,80.170238,5.914838,32,29590
2019-05-10T06:13:36.000Z,80.16935699999998,5.915255,32,29630
2019-05-10T06:13:42.000Z,80.168922,5.915453,32,29460
2019-05-10T06:13:49.000Z,80.16847299999998,5.915672,32,29630
2019-05-10T06:13:55.000Z,80.16804,5.9158870000000014,32,29430
2019-05-10T06:14:00.000Z,80.167673,5.916053,32,29500
2019-05-10T06:14:06.000Z,80.16715699999997,5.916305,32,29630
2019-05-10T06:14:13.000Z,80.16664,5.916553,32,29460
2019-05-10T06:14:25.000Z,80.165772,5.9169730000000005,32,29750
2019-05-10T06:14:31.000Z,80.165322,5.917185,32,29330
2019-05-10T06:14:36.000Z,80.164957,5.917372,32,29500
2019-05-10T06:14:42.000Z,80.164523,5.917572,32,29660
2019-05-10T06:14:49.000Z,80.164008,5.91782,32,29590
2019-05-10T06:14:55.000Z,80.163558,5.918018,32,29360
2019-05-10T06:15:00.000Z,80.16319200000002,5.918205,32,29720
2019-05-10T06:15:06.000Z,80.162758,5.918403,32,29590
2019-05-10T06:15:13.000Z,80.162325,5.918618,32,29500
2019-05-10T06:15:18.000Z,80.161875,5.918819999999998,32,29460
2019-05-10T06:15:25.000Z,80.16135799999998,5.919052,32,29560
2019-05-10T06:15:31.000Z,80.160993,5.919237,32,29590
2019-05-10T06:15:36.000Z,80.160623,5.919402,32,29230
2019-05-10T06:15:42.000Z,80.160175,5.9196019999999985,32,29460
2019-05-10T06:15:49.000Z,80.159593,5.919887,32,29720
2019-05-10T06:15:55.000Z,80.159142,5.920085,32,29330
2019-05-10T06:16:00.000Z,80.158777,5.920252,32,29330
2019-05-10T06:16:06.000Z,80.158343,5.9204870000000005,32,29690
2019-05-10T06:16:13.000Z,80.157827,5.920718,32,29400
2019-05-10T06:16:18.000Z,80.15746,5.920885,32,29360
2019-05-10T06:16:25.000Z,80.15696,5.921153,32,29530
2019-05-10T06:16:31.000Z,80.15652800000002,5.9213879999999985,32,29660
2019-05-10T06:16:37.000Z,80.156095,5.921602,32,29330
2019-05-10T06:16:43.000Z,80.155728,5.921805,32,29660
2019-05-10T06:16:49.000Z,80.155245,5.92209,32,29770
2019-05-10T06:16:55.000Z,80.15488,5.922288,32,29770
2019-05-10T06:17:00.000Z,80.154463,5.9225379999999985,32,29860
2019-05-10T06:17:06.000Z,80.15404699999998,5.92279,32,29960
2019-05-10T06:17:13.000Z,80.153613,5.923038,32,30000
2019-05-10T06:17:18.000Z,80.15328000000002,5.923238,32,30030
2019-05-10T06:17:25.000Z,80.152713,5.923572,32,30090
2019-05-10T06:17:30.000Z,80.152295,5.92382,32,29860
2019-05-10T06:17:37.000Z,80.15188,5.924073,32,30130
2019-05-10T06:17:43.000Z,80.151463,5.924322,32,29960
2019-05-10T06:17:49.000Z,80.15104699999998,5.924588,32,29830
2019-05-10T06:17:55.000Z,80.150648,5.924858,32,30360
2019-05-10T06:18:01.000Z,80.15029799999998,5.92509,32,30160
2019-05-10T06:18:06.000Z,80.14988199999998,5.925338,32,30100
2019-05-10T06:18:13.000Z,80.149417,5.925658,32,30490
2019-05-10T06:18:19.000Z,80.14908199999998,5.92589,32,30330
2019-05-10T06:18:25.000Z,80.148615,5.926207,32,30430
2019-05-10T06:18:30.000Z,80.14826500000002,5.9264220000000005,32,30260
2019-05-10T06:18:37.000Z,80.147848,5.926688,32,30330
2019-05-10T06:18:43.000Z,80.14745,5.926957,32,30390
2019-05-10T06:18:49.000Z,80.147032,5.927203,32,30160
2019-05-10T06:18:55.000Z,80.146617,5.9274879999999985,32,30230
2019-05-10T06:19:00.000Z,80.14615,5.927788,32,30170
2019-05-10T06:19:07.000Z,80.145752,5.92809,32,30430
2019-05-10T06:19:13.000Z,80.145352,5.928355000000002,32,30230
2019-05-10T06:19:19.000Z,80.144952,5.9286400000000015,32,30460
2019-05-10T06:19:25.000Z,80.144568,5.92894,32,30560
2019-05-10T06:19:30.000Z,80.144217,5.9291550000000015,32,30070
2019-05-10T06:19:37.000Z,80.143753,5.929508,32,30890
2019-05-10T06:19:43.000Z,80.14336800000002,5.9297879999999985,31,30530
2019-05-10T06:19:49.000Z,80.14295,5.930055,32,30370
2019-05-10T06:19:55.000Z,80.142638,5.930307,32,30950
2019-05-10T06:20:01.000Z,80.142235,5.930587999999998,32,30400
2019-05-10T06:20:07.000Z,80.141818,5.930855,32,30460
2019-05-10T06:20:13.000Z,80.141437,5.931157,32,30790
2019-05-10T06:20:25.000Z,80.140637,5.931703,32,30430
2019-05-10T06:20:30.000Z,80.140238,5.932005,32,30690
2019-05-10T06:20:37.000Z,80.139853,5.932288,32,30360
2019-05-10T06:20:43.000Z,80.13937,5.9326050000000015,32,30500
2019-05-10T06:20:49.000Z,80.138988,5.9329220000000005,32,30600
2019-05-10T06:20:55.000Z,80.138605,5.933222,32,30370
2019-05-10T06:21:01.000Z,80.138203,5.933505,32,30570
2019-05-10T06:21:07.000Z,80.137838,5.933823,32,30830
2019-05-10T06:21:13.000Z,80.137473,5.93414,32,30660
2019-05-10T06:21:19.000Z,80.137072,5.934438,32,30700
2019-05-10T06:21:25.000Z,80.136707,5.9347379999999985,32,30860
2019-05-10T06:21:30.000Z,80.13639,5.935007,32,30900
2019-05-10T06:21:37.000Z,80.13595699999998,5.935373,32,30930
2019-05-10T06:21:43.000Z,80.135638,5.935622,32,30800
2019-05-10T06:21:49.000Z,80.13520799999998,5.9360050000000015,32,31060
2019-05-10T06:21:54.000Z,80.134907,5.936272,32,30930
2019-05-10T06:22:00.000Z,80.134525,5.936572,32,31030
2019-05-10T06:22:07.000Z,80.134157,5.936888,32,31030
2019-05-10T06:22:13.000Z,80.133773,5.9372050000000005,32,30930
2019-05-10T06:22:19.000Z,80.133342,5.9375550000000015,32,31060
2019-05-10T06:22:25.000Z,80.132958,5.937869999999998,32,31030
2019-05-10T06:22:31.000Z,80.132592,5.93817,32,30960
2019-05-10T06:22:37.000Z,80.13220799999998,5.938487,32,30930
2019-05-10T06:22:48.000Z,80.131527,5.939051999999998,32,30960
2019-05-10T06:22:54.000Z,80.13116,5.939368,32,30930
2019-05-10T06:23:00.000Z,80.13079300000003,5.939687,32,31060
2019-05-10T06:23:07.000Z,80.13041,5.940003,32,31000
2019-05-10T06:23:13.000Z,80.130043,5.940302,32,30930
2019-05-10T06:23:19.000Z,80.129677,5.9406370000000015,32,31060
2019-05-10T06:23:25.000Z,80.129227,5.940985,32,31030
2019-05-10T06:23:30.000Z,80.12891,5.941235,32,31000
2019-05-10T06:23:37.000Z,80.12856,5.94157,32,31000
2019-05-10T06:23:43.000Z,80.12817700000002,5.94187,32,31090
2019-05-10T06:23:48.000Z,80.12781,5.9421870000000006,32,30770
2019-05-10T06:24:00.000Z,80.12709699999998,5.942853,32,31030
2019-05-10T06:24:07.000Z,80.126678,5.943237,32,30970
2019-05-10T06:24:13.000Z,80.12633000000002,5.943588,32,31330
2019-05-10T06:24:19.000Z,80.125978,5.9439199999999985,32,31160
2019-05-10T06:24:30.000Z,80.12536300000002,5.944553,32,31400
2019-05-10T06:24:37.000Z,80.124963,5.944953,32,31530
2019-05-10T06:24:43.000Z,80.124613,5.945303,32,31530
2019-05-10T06:24:48.000Z,80.12433,5.9455870000000015,32,31330
2019-05-10T06:24:54.000Z,80.123998,5.945937000000002,32,31820
2019-05-10T06:25:00.000Z,80.123663,5.946287,32,31660
2019-05-10T06:25:07.000Z,80.123313,5.9466199999999985,32,31330
2019-05-10T06:25:13.000Z,80.122963,5.9469699999999985,32,31690
2019-05-10T06:25:15.000Z,80.123307,5.946613,32,31330
2019-05-10T06:25:19.000Z,80.12263,5.947302,32,31590
2019-05-10T06:25:25.000Z,80.12228,5.947652,32,31500
2019-05-10T06:25:30.000Z,80.121997,5.9479370000000005,32,31560
2019-05-10T06:25:37.000Z,80.12148,5.948452,32,31430
2019-05-10T06:25:43.000Z,80.12119799999998,5.948735,32,31400
2019-05-10T06:25:48.000Z,80.120847,5.9490870000000005,32,31430
2019-05-10T06:26:00.000Z,80.120232,5.949718,32,31400
2019-05-10T06:26:07.000Z,80.119848,5.950135,32,31660
2019-05-10T06:26:19.000Z,80.119248,5.950787,32,31530
2019-05-10T06:26:25.000Z,80.118865,5.951203,32,31700
2019-05-10T06:26:30.000Z,80.1186,5.951503,32,31830
2019-05-10T06:26:37.000Z,80.11819799999998,5.951918,32,31600
2019-05-10T06:26:43.000Z,80.117915,5.952202,32,31660
2019-05-10T06:26:49.000Z,80.1176,5.952553,32,31890
2019-05-10T06:26:54.000Z,80.117265,5.952918,32,31700
2019-05-10T06:27:00.000Z,80.116915,5.953252,32,31600
2019-05-10T06:27:07.000Z,80.11653199999998,5.95367,32,31860
2019-05-10T06:27:13.000Z,80.116265,5.953968,32,31630
2019-05-10T06:27:19.000Z,80.11586700000002,5.954367,32,31500
2019-05-10T06:27:25.000Z,80.115533,5.954735,32,31690
2019-05-10T06:27:31.000Z,80.115217,5.955085,32,31690
2019-05-10T06:27:37.000Z,80.11486500000002,5.955435,32,31460
2019-05-10T06:27:43.000Z,80.114533,5.955785,32,31730
2019-05-10T06:27:49.000Z,80.11421700000002,5.956152,32,31760
2019-05-10T06:27:54.000Z,80.11393199999998,5.956435,32,31560
2019-05-10T06:28:00.000Z,80.11358299999998,5.956785,32,31700
2019-05-10T06:28:07.000Z,80.113218,5.9572,32,31830
2019-05-10T06:28:13.000Z,80.112933,5.9575,32,31600
2019-05-10T06:28:18.000Z,80.1126,5.95785,32,31600
2019-05-10T06:28:25.000Z,80.112218,5.958267,32,31790
2019-05-10T06:28:31.000Z,80.111885,5.958615,32,31560
2019-05-10T06:28:37.000Z,80.111552,5.958967,32,31700
2019-05-10T06:28:43.000Z,80.11126800000002,5.959267,32,31760
2019-05-10T06:28:49.000Z,80.110952,5.959633,32,31630
2019-05-10T06:28:55.000Z,80.110552,5.960033,32,31760
2019-05-10T06:29:00.000Z,80.110285,5.960333,32,31700
2019-05-10T06:29:07.000Z,80.109902,5.96075,32,31660
2019-05-10T06:29:13.000Z,80.10956800000002,5.9611,32,31790
2019-05-10T06:29:18.000Z,80.109235,5.9614650000000005,32,31630
2019-05-10T06:29:25.000Z,80.1089,5.961818,32,31730
2019-05-10T06:29:31.000Z,80.108568,5.962167,32,31730
2019-05-10T06:29:37.000Z,80.108235,5.962517,32,31630
2019-05-10T06:29:43.000Z,80.10790300000002,5.962882,32,31700
2019-05-10T06:29:49.000Z,80.107568,5.963232,32,31790
2019-05-10T06:29:55.000Z,80.107302,5.963532,32,31600
2019-05-10T06:30:01.000Z,80.10691800000002,5.963948,32,31600
2019-05-10T06:30:07.000Z,80.106587,5.9643,32,31960
2019-05-10T06:30:13.000Z,80.106252,5.964665,32,31660
2019-05-10T06:30:18.000Z,80.105968,5.9649480000000015,32,31460
2019-05-10T06:30:25.000Z,80.105653,5.9652980000000015,32,31890
2019-05-10T06:30:31.000Z,80.10531999999998,5.965665,32,31790
2019-05-10T06:30:37.000Z,80.10493699999998,5.966082,32,31530
2019-05-10T06:30:43.000Z,80.104603,5.966432,32,31760
2019-05-10T06:30:49.000Z,80.10427,5.966782,32,31790
2019-05-10T06:30:55.000Z,80.103937,5.967132,32,31630
2019-05-10T06:31:01.000Z,80.103603,5.967482,32,31730
2019-05-10T06:31:18.000Z,80.10266999999997,5.968497,31,31530
2019-05-10T06:31:25.000Z,80.102287,5.968898,32,31790
2019-05-10T06:31:31.000Z,80.10195300000002,5.969248,32,31730
2019-05-10T06:31:37.000Z,80.101687,5.969563,31,31560
2019-05-10T06:31:49.000Z,80.100953,5.9702980000000005,32,31790
2019-05-10T06:31:55.000Z,80.100703,5.970613,32,31730
2019-05-10T06:32:01.000Z,80.100303,5.971030000000002,31,31600
2019-05-10T06:32:07.000Z,80.099972,5.971362999999998,32,31660
2019-05-10T06:32:13.000Z,80.099655,5.97173,31,31960
2019-05-10T06:32:37.000Z,80.09832,5.97313,31,31630
2019-05-10T06:32:49.000Z,80.097655,5.973813,32,31730
2019-05-10T06:33:01.000Z,80.096988,5.974513,31,31560
2019-05-10T06:33:49.000Z,80.09439,5.977345,31,31730
2019-05-10T06:34:07.000Z,80.093407,5.978395,31,31730
2019-05-10T06:34:13.000Z,80.09307199999998,5.978745,32,31700
2019-05-10T06:34:24.000Z,80.092473,5.9793949999999985,31,31760
2019-05-10T06:35:18.000Z,80.089507,5.9825620000000015,32,31860
2019-05-10T06:35:24.000Z,80.08919,5.982912000000002,32,31760
2019-05-10T06:35:43.000Z,80.088142,5.98401,32,31760
2019-05-10T06:36:01.000Z,80.087158,5.985058,31,31900
2019-05-10T06:36:13.000Z,80.086492,5.9857580000000015,31,31600
2019-05-10T06:36:24.000Z,80.085892,5.986392,32,31760
2019-05-10T06:38:01.000Z,80.080577,5.992058,32,31760
2019-05-10T06:43:44.000Z,80.06189300000003,6.012453,31,32060
2019-05-10T06:54:25.000Z,80.03586999999997,6.055458,31,33330
2019-05-10T06:55:13.000Z,80.033952,6.058823,31,33060
2019-05-10T06:55:25.000Z,80.033485,6.059642,31,33160
2019-05-10T06:56:01.000Z,80.032133,6.0620379999999985,31,32930
2019-05-10T06:56:07.000Z,80.031903,6.062457,31,33170
2019-05-10T06:56:25.000Z,80.031152,6.063655000000002,30,32960
2019-05-10T06:56:30.000Z,80.030968,6.06399,31,33000
2019-05-10T06:56:43.000Z,80.030468,6.064972,31,33000
2019-05-10T06:56:49.000Z,80.03031800000002,6.06532,30,32890
2019-05-10T06:56:54.000Z,80.030137,6.065638,31,33100
2019-05-10T06:57:01.000Z,80.029803,6.06614,31,33230
2019-05-10T06:57:07.000Z,80.02963299999998,6.06647,31,32930
2019-05-10T06:57:13.000Z,80.029302,6.06697,31,33030
2019-05-10T06:57:25.000Z,80.028968,6.067805,31,33060
2019-05-10T06:57:43.000Z,80.028137,6.0689720000000005,31,33130
2019-05-10T06:57:49.000Z,80.02795,6.069453,31,32930
2019-05-10T06:57:54.000Z,80.027803,6.069803,31,33100
2019-05-10T06:58:07.000Z,80.027302,6.070635,31,32930
2019-05-10T06:58:13.000Z,80.02696999999998,6.071153,31,33100
2019-05-10T06:59:30.000Z,80.024137,6.076302,31,33130
2019-05-10T06:59:37.000Z,80.02380500000002,6.076818,31,33170
2019-05-10T06:59:49.000Z,80.023368,6.077668,31,32960
2019-05-10T06:59:54.000Z,80.023137,6.077968,31,33030
2019-05-10T07:00:01.000Z,80.022973,6.078468,31,33230
2019-05-10T07:00:13.000Z,80.022472,6.0793,31,33030
2019-05-10T07:00:25.000Z,80.02197199999998,6.080133,31,33200
2019-05-10T07:00:30.000Z,80.021805,6.080467,31,33100
2019-05-10T07:00:37.000Z,80.021472,6.080982,30,32930
2019-05-10T07:00:43.000Z,80.021307,6.0813,30,33060
2019-05-10T07:00:49.000Z,80.021073,6.081767,31,33230
2019-05-10T07:00:54.000Z,80.02080500000002,6.082132,31,33100
2019-05-10T07:01:01.000Z,80.020638,6.082632,31,32860
2019-05-10T07:01:13.000Z,80.020142,6.083483,31,33300
2019-05-10T07:02:01.000Z,80.018307,6.086647,30,32930
2019-05-10T07:02:49.000Z,80.01652299999998,6.0900120000000015,31,33060
2019-05-10T07:21:27.000Z,79.974133,6.166453,31,33360
2019-05-10T07:50:04.000Z,79.910267,6.2857330000000005,31,33660
2019-05-10T07:57:33.000Z,79.89576,6.319067,31,33730
2019-05-10T08:44:13.000Z,79.82647,6.528277,31,34730
2019-05-10T08:44:55.000Z,79.82571999999998,6.531528,31,34760
2019-05-10T08:45:01.000Z,79.82562,6.531994999999998,31,34800
2019-05-10T08:46:36.000Z,79.823937,6.539342,31,34760
2019-05-10T08:46:48.000Z,79.823718,6.5402580000000015,31,34530
2019-05-10T08:46:55.000Z,79.823587,6.54079,31,34770
2019-05-10T08:47:18.000Z,79.823172,6.542657,31,34730
2019-05-10T08:47:28.000Z,79.823053,6.543192,31,34700
2019-05-10T08:47:36.000Z,79.822952,6.543573,31,34590
2019-05-10T08:48:18.000Z,79.822053,6.547272,31,34560
2019-05-10T08:48:25.000Z,79.82191800000003,6.54774,32,34760
2019-05-10T08:48:31.000Z,79.821837,6.548205,31,34760
2019-05-10T08:48:36.000Z,79.821737,6.54867,30,34530
2019-05-10T08:49:06.000Z,79.821187,6.55097,31,34560
2019-05-10T08:49:36.000Z,79.820638,6.553287,31,34760
2019-05-10T08:49:42.000Z,79.820537,6.553752,31,34660
2019-05-10T08:49:48.000Z,79.820453,6.5541350000000005,31,34500
2019-05-10T08:49:54.000Z,79.820338,6.5546,31,34660
2019-05-10T08:50:06.000Z,79.82011999999997,6.5555330000000005,31,34630
2019-05-10T08:50:13.000Z,79.81997199999998,6.55615,31,34600
2019-05-10T08:50:18.000Z,79.819872,6.556535,31,34700
2019-05-10T08:50:25.000Z,79.819753,6.556987,31,34800
2019-05-10T08:50:49.000Z,79.819287,6.558917,31,34630
2019-05-10T08:50:54.000Z,79.819188,6.5593,31,34560
2019-05-10T08:51:01.000Z,79.819053,6.55975,31,34530
2019-05-10T08:51:12.000Z,79.818837,6.560682000000001,31,34560
2019-05-10T08:51:25.000Z,79.818605,6.5616,31,34660
2019-05-10T08:51:30.000Z,79.818522,6.5619830000000015,31,34660
2019-05-10T08:51:36.000Z,79.818405,6.56245,31,34660
2019-05-10T08:51:49.000Z,79.818155,6.563447,31,34600
2019-05-10T08:51:54.000Z,79.818055,6.563917999999998,31,34690
2019-05-10T08:52:01.000Z,79.817922,6.564464999999998,31,34560
2019-05-10T08:52:12.000Z,79.817723,6.5653130000000015,31,34660
2019-05-10T08:52:25.000Z,79.81750500000003,6.566248,32,34760
2019-05-10T08:53:01.000Z,79.816872,6.569032000000001,31,34700
2019-05-10T08:53:12.000Z,79.81665500000003,6.5698820000000016,31,34690
2019-05-10T08:53:19.000Z,79.81652199999998,6.57043,31,34730
2019-05-10T08:53:30.000Z,79.816322,6.571280000000002,31,34560
2019-05-10T08:53:42.000Z,79.816073,6.57228,31,34730
2019-05-10T08:53:49.000Z,79.815955,6.572812,31,34530
2019-05-10T08:53:54.000Z,79.815838,6.573195,31,34500
2019-05-10T08:54:01.000Z,79.81570699999997,6.573747,31,34830
2019-05-10T08:54:12.000Z,79.815522,6.574595,31,34360
2019-05-10T08:54:25.000Z,79.815273,6.575528,31,34790
2019-05-10T08:54:30.000Z,79.815207,6.575912,31,34700
2019-05-10T08:54:48.000Z,79.814858,6.577295,31,34900
2019-05-10T08:54:54.000Z,79.814773,6.5777600000000005,31,34630
2019-05-10T08:55:01.000Z,79.814622,6.578310000000001,31,34490
2019-05-10T08:55:12.000Z,79.814425,6.579242999999999,31,34860
2019-05-10T08:55:19.000Z,79.81429,6.579777,31,34600
2019-05-10T08:55:25.000Z,79.814172,6.5802429999999985,31,34630
2019-05-10T08:55:43.000Z,79.813855,6.581643,31,34600
2019-05-10T08:56:01.000Z,79.813575,6.5829580000000005,31,34800
2019-05-10T08:56:07.000Z,79.813422,6.583492,31,34500
2019-05-10T08:56:12.000Z,79.813323,6.583892,31,34730
2019-05-10T08:56:19.000Z,79.813225,6.58436,32,34830
2019-05-10T08:56:25.000Z,79.81310500000002,6.584828,31,34460
2019-05-10T08:56:43.000Z,79.81277299999998,6.58621,32,34760
2019-05-10T08:57:00.000Z,79.812442,6.587592,31,34730
2019-05-10T08:57:07.000Z,79.81230699999998,6.588143,31,34690
2019-05-10T08:57:13.000Z,79.812205,6.588525,32,34530
2019-05-10T08:57:19.000Z,79.812073,6.589075,31,34560
2019-05-10T08:57:25.000Z,79.811992,6.5894580000000005,31,34660
2019-05-10T08:57:43.000Z,79.81164,6.590858,31,34700
2019-05-10T08:57:54.000Z,79.811423,6.591777,31,34630
2019-05-10T08:58:13.000Z,79.811073,6.593172999999998,31,34530
2019-05-10T08:58:25.000Z,79.810823,6.594175,32,34660
2019-05-10T08:58:37.000Z,79.81062299999998,6.5950229999999985,31,34500
2019-05-10T08:58:43.000Z,79.81049,6.595575,31,34560
2019-05-10T08:59:07.000Z,79.810057,6.59744,31,34600
2019-05-10T08:59:25.000Z,79.809722,6.598758,32,34530
2019-05-10T08:59:54.000Z,79.809157,6.601007000000001,31,34770
2019-05-10T09:00:00.000Z,79.80904,6.6015570000000015,31,34660
2019-05-10T09:01:19.000Z,79.807523,6.607588000000002,32,34590
2019-05-10T09:01:31.000Z,79.807342,6.608536999999999,31,34560
2019-05-10T09:02:01.000Z,79.806738,6.610853,31,34360
2019-05-10T09:02:24.000Z,79.806273,6.612722,31,34500
2019-05-10T09:02:49.000Z,79.805842,6.614585000000001,31,34600
2019-05-10T09:02:55.000Z,79.805727,6.615053,31,34830
2019-05-10T09:03:01.000Z,79.805623,6.61552,32,34530
2019-05-10T09:03:12.000Z,79.805375,6.6164520000000016,31,34760
2019-05-10T09:03:24.000Z,79.805173,6.6173850000000005,31,34500
2019-05-10T09:04:01.000Z,79.80451,6.620187,32,34830
2019-05-10T09:04:24.000Z,79.804058,6.622068,31,34730
2019-05-10T09:04:31.000Z,79.80394,6.622535000000001,31,34460
2019-05-10T09:04:37.000Z,79.80380699999998,6.6230020000000005,32,34560
2019-05-10T09:04:43.000Z,79.803708,6.623467999999999,32,34860
2019-05-10T09:05:31.000Z,79.80279200000003,6.627283,31,34700
2019-05-10T09:06:13.000Z,79.801992,6.630467,31,34730
2019-05-10T09:06:19.000Z,79.80189200000002,6.630933,31,34600
2019-05-10T09:07:06.000Z,79.800975,6.6346820000000015,32,34660
2019-05-10T09:07:43.000Z,79.80029300000002,6.637482,32,34690
2019-05-10T09:07:49.000Z,79.800175,6.63795,32,34590
2019-05-10T09:07:55.000Z,79.80005799999998,6.638414999999998,31,34690
2019-05-10T09:08:37.000Z,79.799243,6.641780000000002,31,34630
2019-05-10T09:08:43.000Z,79.79916,6.6421649999999985,31,34600
2019-05-10T09:09:31.000Z,79.798243,6.645913,31,34630
2019-05-10T09:10:31.000Z,79.79711,6.650578,31,34630
2019-05-10T09:16:19.000Z,79.79044499999998,6.677707000000002,32,34820
2019-05-10T09:17:06.000Z,79.789495,6.6814550000000015,32,34430
2019-05-10T09:19:13.000Z,79.787163,6.6914,32,34690
2019-05-10T09:19:18.000Z,79.78707800000002,6.691802,32,34660
2019-05-10T09:19:43.000Z,79.786612,6.693685,32,34660
2019-05-10T09:19:49.000Z,79.786497,6.6942330000000005,32,34660
2019-05-10T09:20:06.000Z,79.786162,6.695567,32,34720
2019-05-10T09:20:37.000Z,79.785613,6.697917,31,34600
2019-05-10T09:20:43.000Z,79.78549699999998,6.698383,32,34730
2019-05-10T09:21:01.000Z,79.785147,6.699867,31,34690
2019-05-10T09:21:06.000Z,79.78504699999998,6.700267,32,34630
2019-05-10T09:21:13.000Z,79.784947,6.7007330000000005,32,34590
2019-05-10T09:21:18.000Z,79.784863,6.701217,31,34560
2019-05-10T09:22:13.000Z,79.784165,6.705498,31,35190
2019-05-10T09:22:18.000Z,79.784115,6.705983,32,35330
2019-05-10T09:22:25.000Z,79.784032,6.706532000000001,32,35230
2019-05-10T09:22:31.000Z,79.783948,6.707014999999998,32,35130
2019-05-10T09:22:37.000Z,79.783898,6.707414999999999,32,35290
2019-05-10T09:22:43.000Z,79.78383199999998,6.707897999999999,31,35230
2019-05-10T09:22:49.000Z,79.783765,6.708365,31,35130
2019-05-10T09:26:19.000Z,79.781265,6.7250619999999985,32,35230
2019-05-10T09:26:43.000Z,79.78091500000002,6.726960000000001,32,35230
2019-05-10T09:26:49.000Z,79.78091500000002,6.7274600000000015,32,35190
2019-05-10T09:27:13.000Z,79.780582,6.72946,32,35130
2019-05-10T09:27:19.000Z,79.780582,6.72996,32,35090
2019-05-10T09:27:25.000Z,79.780415,6.730293,32,35090
2019-05-10T09:28:01.000Z,79.780098,6.733123,32,35230
2019-05-10T09:28:06.000Z,79.77993199999997,6.733792,32,35130
2019-05-10T09:28:25.000Z,79.779748,6.735123,32,35260
2019-05-10T09:28:36.000Z,79.77958199999998,6.736122999999999,32,35190
2019-05-10T09:28:43.000Z,79.7796,6.736623,32,35230
2019-05-10T09:28:49.000Z,79.779415,6.737122,32,35190
2019-05-10T09:28:55.000Z,79.779415,6.737622,32,35090
2019-05-10T09:29:01.000Z,79.779248,6.738122,32,35160
2019-05-10T09:29:06.000Z,79.779248,6.738455,32,35090
2019-05-10T09:29:13.000Z,79.77925,6.738955000000002,32,35090
2019-05-10T09:29:19.000Z,79.7791,6.739438000000002,32,35190
2019-05-10T09:29:25.000Z,79.77908199999997,6.739957,32,35130
2019-05-10T09:29:31.000Z,79.778917,6.740455,32,35160
2019-05-10T09:29:36.000Z,79.778917,6.740788,32,35090
2019-05-10T09:29:55.000Z,79.7786,6.742288,32,35090
2019-05-10T09:30:01.000Z,79.7786,6.742788000000001,32,35190
2019-05-10T09:30:06.000Z,79.7786,6.7432880000000015,32,35230
2019-05-10T09:30:13.000Z,79.77843299999998,6.743788,31,35060
2019-05-10T09:30:19.000Z,79.77843299999998,6.744287,32,35190
2019-05-10T09:30:25.000Z,79.778267,6.744622,32,35290
2019-05-10T09:30:31.000Z,79.77825,6.745288,32,35230
2019-05-10T09:30:36.000Z,79.778267,6.745622,31,35060
2019-05-10T09:30:43.000Z,79.7781,6.746122,31,35130
2019-05-10T09:30:48.000Z,79.778033,6.74662,32,35230
2019-05-10T09:31:06.000Z,79.77775,6.747953,32,35160
2019-05-10T09:31:13.000Z,79.77775,6.748452,31,35290
2019-05-10T09:31:19.000Z,79.777683,6.749018,31,35230
2019-05-10T09:31:25.000Z,79.77758299999998,6.749617999999999,32,35090
2019-05-10T09:31:36.000Z,79.777417,6.750452,31,35230
2019-05-10T09:31:43.000Z,79.777417,6.750952000000002,31,35200
2019-05-10T09:31:48.000Z,79.77731700000002,6.751385000000001,31,35130
2019-05-10T09:31:55.000Z,79.77725,6.751952,31,35100
2019-05-10T09:32:01.000Z,79.77708299999998,6.752452000000001,31,35200
2019-05-10T09:32:07.000Z,79.77708299999998,6.752785,31,35100
2019-05-10T09:32:13.000Z,79.777067,6.753285000000001,31,34960
2019-05-10T09:32:19.000Z,79.776917,6.7537850000000015,31,35060
2019-05-10T09:32:25.000Z,79.776917,6.75412,31,35130
2019-05-10T09:32:31.000Z,79.77675,6.754617999999999,31,34960
2019-05-10T09:32:37.000Z,79.77675,6.755118,31,34960
2019-05-10T09:32:43.000Z,79.776583,6.755617,31,35230
2019-05-10T09:32:48.000Z,79.776583,6.756083,31,35200
2019-05-10T09:33:07.000Z,79.776433,6.75745,31,35200
2019-05-10T09:33:13.000Z,79.776255,6.758027,31,35130
2019-05-10T09:33:19.000Z,79.776222,6.758477,31,35100
2019-05-10T09:33:25.000Z,79.776088,6.75886,30,35100
2019-05-10T09:33:31.000Z,79.77609,6.759360000000001,30,35300
2019-05-10T09:33:37.000Z,79.776088,6.7598600000000015,30,35100
2019-05-10T09:33:43.000Z,79.77592,6.76036,30,35060
2019-05-10T09:33:48.000Z,79.775922,6.760692,30,35170
2019-05-10T09:34:01.000Z,79.775755,6.761525,30,35060
2019-05-10T09:34:07.000Z,79.775755,6.762025,30,35130
2019-05-10T09:34:19.000Z,79.77559000000002,6.763025,30,35170
2019-05-10T09:34:30.000Z,79.77542199999998,6.763858,30,35130
2019-05-10T09:34:37.000Z,79.775423,6.7643580000000005,30,35280
2019-05-10T09:34:42.000Z,79.775255,6.764857000000001,30,35170
2019-05-10T09:34:48.000Z,79.775255,6.765192,30,35070
2019-05-10T09:34:55.000Z,79.77509,6.7658570000000005,30,35270
2019-05-10T09:35:01.000Z,79.77509,6.766189999999999,30,35210
2019-05-10T09:35:07.000Z,79.775088,6.766688,30,35100
2019-05-10T09:35:13.000Z,79.774922,6.767188000000001,30,35170
2019-05-10T09:35:19.000Z,79.774922,6.7675220000000005,30,35170
2019-05-10T09:35:25.000Z,79.774738,6.768023,29,35140
2019-05-10T09:35:30.000Z,79.774738,6.7683550000000015,30,35140
2019-05-10T09:35:37.000Z,79.77474000000002,6.768855,30,35210
2019-05-10T09:35:42.000Z,79.774573,6.769355,30,35140
2019-05-10T09:36:07.000Z,79.774423,6.77102,29,35100
2019-05-10T09:36:13.000Z,79.77425699999998,6.771518,29,35210
2019-05-10T09:36:25.000Z,79.77409,6.772517999999999,29,35070
2019-05-10T09:36:37.000Z,79.77409200000002,6.773353,29,35250
2019-05-10T09:37:07.000Z,79.77375500000002,6.775517999999999,29,35100
2019-05-10T09:37:13.000Z,79.77359,6.776018,29,35180
2019-05-10T09:37:18.000Z,79.77359,6.776352,29,35210
2019-05-10T09:37:25.000Z,79.77359,6.77685,29,35180
2019-05-10T09:37:54.000Z,79.77324,6.778848,28,35080
2019-05-10T09:38:07.000Z,79.773057,6.7798479999999985,28,35120
2019-05-10T09:38:13.000Z,79.773055,6.780182000000001,28,35120
2019-05-10T09:38:18.000Z,79.772888,6.7806820000000005,28,35080
2019-05-10T09:38:25.000Z,79.77289,6.781183,28,35160
2019-05-10T09:38:30.000Z,79.77289,6.781515,28,35150
2019-05-10T09:39:01.000Z,79.77239,6.783513,28,35080
2019-05-10T09:39:07.000Z,79.77239,6.784012,28,35080
2019-05-10T09:39:13.000Z,79.772407,6.7845119999999985,28,34970
2019-05-10T09:39:18.000Z,79.772258,6.784845,28,35000
2019-05-10T09:39:25.000Z,79.772258,6.785345,28,35220
2019-05-10T09:39:30.000Z,79.772075,6.78568,28,35260
2019-05-10T09:39:37.000Z,79.77209,6.78618,28,35070
2019-05-10T09:39:49.000Z,79.771925,6.787012,28,35260
2019-05-10T09:39:54.000Z,79.771923,6.7873470000000005,28,35180
2019-05-10T09:40:07.000Z,79.77175799999998,6.788345,28,35150
2019-05-10T09:40:13.000Z,79.77175799999998,6.788678,28,35140
2019-05-10T09:40:25.000Z,79.77159,6.789678,28,35070
2019-05-10T09:40:30.000Z,79.771608,6.790012,27,35110
2019-05-10T09:41:13.000Z,79.771088,6.792845,28,34960
2019-05-10T09:41:18.000Z,79.77109200000002,6.793345,27,35180
2019-05-10T09:41:24.000Z,79.770927,6.793847,28,35400
2019-05-10T09:41:31.000Z,79.770923,6.794178,28,35140
2019-05-10T09:41:37.000Z,79.770923,6.794677,27,35030
2019-05-10T09:41:49.000Z,79.770758,6.795512,28,35330
2019-05-10T09:42:01.000Z,79.77059200000002,6.796345,28,35150
2019-05-10T09:42:13.000Z,79.770423,6.797178,28,35180
2019-05-10T09:42:18.000Z,79.770425,6.797510000000001,28,35220
2019-05-10T09:42:24.000Z,79.770425,6.7980100000000006,27,35150
2019-05-10T09:42:31.000Z,79.770258,6.798508,27,35110
2019-05-10T09:42:49.000Z,79.770092,6.799677,28,35150
2019-05-10T09:43:01.000Z,79.769925,6.800510000000001,28,35290
2019-05-10T09:43:07.000Z,79.76990699999998,6.8010100000000016,28,35140
2019-05-10T09:43:13.000Z,79.76992299999998,6.801342999999999,27,35070
2019-05-10T09:43:19.000Z,79.769758,6.801842,27,35150
2019-05-10T09:43:37.000Z,79.769592,6.803008,27,35150
2019-05-10T09:43:54.000Z,79.769407,6.804342,28,35290
2019-05-10T09:44:07.000Z,79.769258,6.805173,27,35180
2019-05-10T09:44:13.000Z,79.769242,6.8055080000000014,28,35440
2019-05-10T09:44:19.000Z,79.769242,6.806008,28,35260
2019-05-10T09:44:24.000Z,79.76909,6.80634,28,35000
2019-05-10T09:44:31.000Z,79.769092,6.806842,27,35220
2019-05-10T09:44:37.000Z,79.768908,6.807342,28,35330
2019-05-10T09:44:42.000Z,79.768908,6.8076729999999985,27,35260
2019-05-10T09:44:54.000Z,79.768742,6.8085070000000005,27,35150
2019-05-10T09:45:07.000Z,79.76875799999998,6.80934,28,35150
2019-05-10T09:45:13.000Z,79.768573,6.80984,28,35110
2019-05-10T09:45:19.000Z,79.768592,6.810173,28,35220
2019-05-10T09:45:31.000Z,79.768425,6.8110050000000015,28,35180
2019-05-10T09:45:42.000Z,79.76825799999997,6.811838000000002,28,35180
2019-05-10T09:45:49.000Z,79.76825799999997,6.812338,28,35150
2019-05-10T09:45:54.000Z,79.76825799999997,6.81267,27,35150
2019-05-10T09:46:01.000Z,79.76809200000002,6.813005,28,35220
2019-05-10T09:46:06.000Z,79.768075,6.813507,28,35220
2019-05-10T09:46:19.000Z,79.767925,6.814338,27,35110
2019-05-10T09:46:25.000Z,79.76790799999998,6.814838000000001,28,35150
2019-05-10T09:46:31.000Z,79.767742,6.8151720000000005,28,35260
2019-05-10T09:46:37.000Z,79.767742,6.815672,28,35150
2019-05-10T09:46:42.000Z,79.767742,6.8160050000000005,27,35070
2019-05-10T09:46:49.000Z,79.767577,6.816505,28,35300
2019-05-10T09:47:00.000Z,79.767573,6.817336999999998,28,35070
2019-05-10T09:47:06.000Z,79.767425,6.81767,27,35110
2019-05-10T09:47:13.000Z,79.76740799999997,6.8181699999999985,27,35120
2019-05-10T09:47:19.000Z,79.76724200000002,6.818503,28,35260
2019-05-10T09:47:25.000Z,79.76724,6.8190050000000015,28,35070
2019-05-10T09:47:31.000Z,79.767075,6.8193350000000015,27,35110
2019-05-10T09:47:37.000Z,79.767092,6.819837,27,35220
2019-05-10T09:47:43.000Z,79.767092,6.820167999999999,28,35070
2019-05-10T09:47:49.000Z,79.766925,6.820668,27,35000
2019-05-10T09:47:54.000Z,79.766927,6.821167999999999,28,35110
2019-05-10T09:48:00.000Z,79.766925,6.8215020000000015,28,35110
2019-05-10T09:48:06.000Z,79.766758,6.822002,28,35110
2019-05-10T09:48:13.000Z,79.766775,6.822335000000002,27,35030
2019-05-10T09:48:19.000Z,79.76660799999998,6.822835,27,35070
2019-05-10T09:48:25.000Z,79.76661,6.823167,28,35150
2019-05-10T09:48:31.000Z,79.76660799999998,6.823668,28,35110
2019-05-10T09:48:37.000Z,79.766442,6.824,27,35130
2019-05-10T09:48:42.000Z,79.76644300000002,6.824333,27,35170
2019-05-10T09:48:54.000Z,79.766277,6.825167,28,35280
2019-05-10T09:49:00.000Z,79.766277,6.825667,28,35280
2019-05-10T09:49:06.000Z,79.766293,6.8259979999999985,27,35250
2019-05-10T09:49:13.000Z,79.76611,6.8265,28,35280
2019-05-10T09:49:19.000Z,79.76611,6.8268320000000005,28,35280
2019-05-10T09:49:25.000Z,79.76611,6.827333,28,35250
2019-05-10T09:49:30.000Z,79.76594300000002,6.827833,28,35220
2019-05-10T09:49:37.000Z,79.76594300000002,6.8281649999999985,27,35180
2019-05-10T09:49:42.000Z,79.76576,6.828667,27,35180
2019-05-10T09:49:54.000Z,79.76575799999998,6.829497999999999,28,35140
2019-05-10T09:50:06.000Z,79.76557700000002,6.83033,28,35180
2019-05-10T09:50:12.000Z,79.76557700000002,6.830665,28,35220
2019-05-10T09:50:19.000Z,79.76541,6.831163,28,35260
2019-05-10T09:50:25.000Z,79.765408,6.8315,28,35110
2019-05-10T09:50:42.000Z,79.765243,6.83283,28,35220
2019-05-10T09:50:49.000Z,79.765075,6.833163000000001,28,35180
2019-05-10T09:50:54.000Z,79.765077,6.8336630000000005,27,35150
2019-05-10T09:51:00.000Z,79.765075,6.833997,27,35110
2019-05-10T09:51:06.000Z,79.76491,6.834497,28,35190
2019-05-10T09:51:13.000Z,79.76491,6.834998,28,35180
2019-05-10T09:51:19.000Z,79.764758,6.83533,28,35030
2019-05-10T09:51:25.000Z,79.76476,6.8358300000000005,28,35150
2019-05-10T09:51:30.000Z,79.764762,6.836163000000001,28,35260
2019-05-10T09:51:37.000Z,79.764593,6.8366630000000015,28,35070
2019-05-10T09:51:43.000Z,79.764593,6.836997,28,35110
2019-05-10T09:51:49.000Z,79.764593,6.837497,28,35220
2019-05-10T09:51:55.000Z,79.764427,6.8378320000000015,28,35180
2019-05-10T09:52:00.000Z,79.764443,6.8381630000000015,28,35030
2019-05-10T09:52:06.000Z,79.764277,6.838663,28,35150
2019-05-10T09:52:12.000Z,79.764277,6.839165,28,35260
2019-05-10T09:52:19.000Z,79.764277,6.839497,28,35110
2019-05-10T09:52:25.000Z,79.76411,6.839995,28,35110
2019-05-10T09:52:30.000Z,79.76411,6.840328,28,35220
2019-05-10T09:52:37.000Z,79.76411,6.840828,28,35180
2019-05-10T09:52:43.000Z,79.763927,6.841328,28,35110
2019-05-10T09:52:49.000Z,79.763927,6.841662,28,35180
2019-05-10T09:52:55.000Z,79.763927,6.842161999999999,28,35220
2019-05-10T09:53:00.000Z,79.76375999999998,6.842495,28,35220
2019-05-10T09:53:07.000Z,79.763743,6.842994999999998,28,35180
2019-05-10T09:53:13.000Z,79.763577,6.843328,28,35180
2019-05-10T09:53:19.000Z,79.763577,6.843828,28,35260
2019-05-10T09:53:25.000Z,79.763575,6.844163000000001,28,35080
2019-05-10T09:53:31.000Z,79.763408,6.844662,28,34970
2019-05-10T09:53:37.000Z,79.76341,6.844995,28,35220
2019-05-10T09:53:43.000Z,79.76341,6.845495,28,35080
2019-05-10T09:53:49.000Z,79.763243,6.845828,28,35050
2019-05-10T09:53:55.000Z,79.763227,6.846328,28,35080
2019-05-10T09:54:01.000Z,79.763077,6.846828,28,35040
2019-05-10T09:54:13.000Z,79.763077,6.8474949999999986,28,35110
2019-05-10T09:54:19.000Z,79.76290999999998,6.847995,28,35220
2019-05-10T09:54:30.000Z,79.76276,6.848828,28,35070
2019-05-10T09:54:37.000Z,79.76276,6.849328,28,35140
2019-05-10T09:54:43.000Z,79.762762,6.849828,28,35220
2019-05-10T09:54:49.000Z,79.76259300000002,6.850178,28,35140
2019-05-10T09:54:55.000Z,79.76259300000002,6.850495,28,35180
2019-05-10T09:55:01.000Z,79.76259300000002,6.850992999999999,28,35260
2019-05-10T09:55:07.000Z,79.762427,6.851327,28,35180
2019-05-10T09:55:12.000Z,79.762427,6.851843,28,35110
2019-05-10T09:55:19.000Z,79.76226,6.852327000000002,28,35150
2019-05-10T09:55:25.000Z,79.76224300000001,6.85266,28,35260
2019-05-10T09:55:37.000Z,79.762077,6.853492,28,35110
2019-05-10T09:55:43.000Z,79.762095,6.853992,28,35180
2019-05-10T09:55:49.000Z,79.762077,6.8543270000000005,28,35120
2019-05-10T09:55:55.000Z,79.76191,6.854827,28,35140
2019-05-10T09:56:01.000Z,79.76191,6.8551600000000015,28,35180
2019-05-10T09:56:07.000Z,79.761927,6.855492,28,35180
2019-05-10T09:56:13.000Z,79.76174300000002,6.855992999999999,28,35180
2019-05-10T09:56:19.000Z,79.76174300000002,6.856493,28,35250
2019-05-10T09:56:25.000Z,79.761577,6.856827,28,35180
2019-05-10T09:56:31.000Z,79.761575,6.8573270000000015,28,35030
2019-05-10T09:56:37.000Z,79.761577,6.857827,28,35160
2019-05-10T09:56:43.000Z,79.76141,6.858160000000002,28,35120
2019-05-10T09:56:49.000Z,79.76141,6.858658,28,35030
2019-05-10T09:56:55.000Z,79.76124300000002,6.858992,28,35070
2019-05-10T09:57:01.000Z,79.761245,6.859493,28,35330
2019-05-10T09:57:07.000Z,79.76124300000002,6.859827,28,35250
2019-05-10T09:57:12.000Z,79.761077,6.860158,28,35070
2019-05-10T09:57:19.000Z,79.761093,6.860658,28,35140
2019-05-10T09:57:25.000Z,79.760928,6.8611580000000005,28,35250
2019-05-10T09:57:31.000Z,79.760927,6.861492,28,35180
2019-05-10T09:57:37.000Z,79.760927,6.861992999999999,28,35110
2019-05-10T09:57:43.000Z,79.760762,6.862492,28,35220
2019-05-10T09:57:49.000Z,79.76076,6.862825,28,35140
2019-05-10T09:57:55.000Z,79.760593,6.863325,28,35140
2019-05-10T09:58:01.000Z,79.760593,6.863825,28,35180
2019-05-10T09:58:07.000Z,79.760593,6.864158,28,35140
2019-05-10T09:58:13.000Z,79.760427,6.8645070000000015,28,35140
2019-05-10T09:58:19.000Z,79.760427,6.86499,28,35110
2019-05-10T09:58:25.000Z,79.76026,6.86534,28,35030
2019-05-10T09:58:31.000Z,79.760278,6.86584,28,35220
2019-05-10T09:58:37.000Z,79.760262,6.866173,28,35140
2019-05-10T09:58:43.000Z,79.76009300000003,6.866673,28,35140
2019-05-10T09:58:49.000Z,79.760112,6.866988,27,35190
2019-05-10T09:58:55.000Z,79.760112,6.867505,27,35150
2019-05-10T09:59:01.000Z,79.759927,6.867838000000001,27,35180
2019-05-10T09:59:07.000Z,79.759927,6.868322,28,35180
2019-05-10T09:59:13.000Z,79.759928,6.868655,27,35150
2019-05-10T09:59:19.000Z,79.759762,6.86917,27,35110
2019-05-10T09:59:25.000Z,79.75976,6.8694880000000005,27,35150
2019-05-10T09:59:31.000Z,79.759745,6.869988,27,35300
2019-05-10T09:59:37.000Z,79.75957700000002,6.870487,27,35150
2019-05-10T09:59:43.000Z,79.75957700000002,6.87082,27,35070
2019-05-10T09:59:49.000Z,79.759412,6.871153,26,35190
2019-05-10T09:59:55.000Z,79.759412,6.871653,26,35230
2019-05-10T10:00:01.000Z,79.75941,6.871987,27,35070
2019-05-10T10:00:07.000Z,79.75924499999998,6.872319999999998,27,35230
2019-05-10T10:00:13.000Z,79.75924499999998,6.872818,26,35230
2019-05-10T10:00:19.000Z,79.75924499999998,6.87315,26,35080
2019-05-10T10:00:25.000Z,79.759078,6.873483,26,35080
2019-05-10T10:00:31.000Z,79.759095,6.873983,26,35320
2019-05-10T10:00:37.000Z,79.759095,6.874317,26,35120
2019-05-10T10:00:43.000Z,79.758928,6.874667,25,35080
2019-05-10T10:00:49.000Z,79.758928,6.87515,25,35250
2019-05-10T10:00:55.000Z,79.758928,6.8755,25,35080
2019-05-10T10:01:01.000Z,79.758762,6.875832000000001,25,35160
2019-05-10T10:01:07.000Z,79.758763,6.876314999999999,25,35330
2019-05-10T10:01:13.000Z,79.758762,6.8766479999999985,25,35250
2019-05-10T10:01:19.000Z,79.758595,6.876982000000001,24,35170
2019-05-10T10:01:25.000Z,79.758595,6.8773149999999985,24,35170
2019-05-10T10:01:31.000Z,79.758578,6.877648,25,35290
2019-05-10T10:01:37.000Z,79.75841199999998,6.878148,24,35300
2019-05-10T10:01:43.000Z,79.75842800000002,6.8784800000000015,24,35040
2019-05-10T10:01:49.000Z,79.75841199999998,6.878813,24,35170
2019-05-10T10:01:55.000Z,79.758245,6.879148,24,35260
2019-05-10T10:02:01.000Z,79.758245,6.87948,24,35130
2019-05-10T10:02:07.000Z,79.758245,6.8799800000000015,23,35080
2019-05-10T10:02:13.000Z,79.758078,6.880313,23,35070
2019-05-10T10:02:25.000Z,79.758062,6.880982,23,35030
2019-05-10T10:02:31.000Z,79.75789499999998,6.8813119999999985,23,35170
2019-05-10T10:02:37.000Z,79.757897,6.881645,23,35170
2019-05-10T10:02:43.000Z,79.75789499999998,6.881978,23,35030
2019-05-10T10:02:49.000Z,79.757728,6.882312,23,35210
2019-05-10T10:02:54.000Z,79.757712,6.882645,23,35120
2019-05-10T10:03:07.000Z,79.757545,6.883477,23,35120
2019-05-10T10:03:13.000Z,79.757562,6.88381,22,35030
2019-05-10T10:03:19.000Z,79.757547,6.884142999999999,22,35220
2019-05-10T10:03:25.000Z,79.757378,6.884477,23,35080
2019-05-10T10:03:31.000Z,79.757378,6.884810000000001,22,35030
2019-05-10T10:03:37.000Z,79.757397,6.8851429999999985,22,35080
2019-05-10T10:03:43.000Z,79.757228,6.885477000000002,22,35040
2019-05-10T10:03:49.000Z,79.757228,6.88581,22,35040
2019-05-10T10:04:01.000Z,79.757063,6.886477,22,35090
2019-05-10T10:04:07.000Z,79.757078,6.886808,22,34800
2019-05-10T10:04:13.000Z,79.75708,6.887142999999999,22,35090
2019-05-10T10:04:18.000Z,79.756897,6.88731,22,35180
2019-05-10T10:04:23.000Z,79.756912,6.887642,22,34990
2019-05-10T10:04:31.000Z,79.756913,6.888142,21,35140
2019-05-10T10:04:37.000Z,79.756747,6.888475,21,35090
2019-05-10T10:04:43.000Z,79.756745,6.888808,21,34940
2019-05-10T10:04:52.000Z,79.756747,6.889142,21,35140
2019-05-10T10:05:02.000Z,79.75658,6.889808,21,35040
2019-05-10T10:05:13.000Z,79.75658,6.890307000000001,20,35100
2019-05-10T10:05:23.000Z,79.756413,6.8908070000000015,20,35150
2019-05-10T10:05:34.000Z,79.756413,6.891473,20,35150
2019-05-10T10:05:43.000Z,79.756247,6.891807000000001,20,35100
2019-05-10T10:05:52.000Z,79.756247,6.8923070000000015,20,35200
2019-05-10T10:06:02.000Z,79.75608000000003,6.892805,19,35160
2019-05-10T10:06:13.000Z,79.75608000000003,6.89347,19,35100
2019-05-10T10:06:23.000Z,79.755913,6.893805,19,35100
2019-05-10T10:06:34.000Z,79.755932,6.894303,19,35220
2019-05-10T10:06:43.000Z,79.755747,6.894803,19,35210
2019-05-10T10:07:02.000Z,79.755747,6.895637,19,35220
2019-05-10T10:07:13.000Z,79.75558000000002,6.896303,18,35160
2019-05-10T10:07:23.000Z,79.75558000000002,6.896636999999999,18,35120
2019-05-10T10:07:34.000Z,79.755397,6.897137,18,35010
2019-05-10T10:07:43.000Z,79.755397,6.897637,18,35120
2019-05-10T10:07:52.000Z,79.75523000000003,6.897968,18,35010
2019-05-10T10:08:02.000Z,79.75523000000003,6.8984679999999985,18,35070
2019-05-10T10:08:13.000Z,79.755213,6.898967999999999,18,35120
2019-05-10T10:08:23.000Z,79.755063,6.899468,17,35010
2019-05-10T10:08:34.000Z,79.75504699999998,6.8999679999999985,17,35010
2019-05-10T10:08:43.000Z,79.754897,6.9003,17,34960
2019-05-10T10:08:52.000Z,79.754915,6.9008020000000005,17,35190
2019-05-10T10:09:02.000Z,79.754763,6.901133,17,34810
2019-05-10T10:09:13.000Z,79.754798,6.90165,17,34970
2019-05-10T10:09:23.000Z,79.75468199999997,6.90215,17,35110
2019-05-10T10:09:34.000Z,79.754733,6.902482000000001,16,35200
2019-05-10T10:09:43.000Z,79.75461700000002,6.902983,16,35160
2019-05-10T10:09:52.000Z,79.75466800000002,6.903314999999999,16,35400
2019-05-10T10:10:02.000Z,79.754717,6.903648,16,35570
2019-05-10T10:10:13.000Z,79.754752,6.904147999999998,15,35870
2019-05-10T10:10:34.000Z,79.754767,6.904982,15,35900
2019-05-10T10:10:43.000Z,79.75478299999997,6.905314999999999,15,230
2019-05-10T10:10:52.000Z,79.75478299999997,6.9056479999999985,15,35900
2019-05-10T10:11:03.000Z,79.754785,6.9059800000000005,15,370
2019-05-10T10:11:13.000Z,79.75478299999997,6.90648,15,35960
2019-05-10T10:11:23.000Z,79.754785,6.9068130000000005,15,380
2019-05-10T10:11:34.000Z,79.754767,6.907147,14,310
2019-05-10T10:11:43.000Z,79.754767,6.9074800000000005,14,140
2019-05-10T10:11:52.000Z,79.75475,6.907813000000001,14,360
2019-05-10T10:12:03.000Z,79.7549,6.9083130000000015,14,210
2019-05-10T10:12:13.000Z,79.7549,6.908645,14,220
2019-05-10T10:12:23.000Z,79.754885,6.908978,14,330
2019-05-10T10:12:30.000Z,79.754867,6.909312,14,40
2019-05-10T10:12:40.000Z,79.75488299999998,6.9096449999999985,13,50
2019-05-10T10:12:50.000Z,79.754867,6.909978,14,190
2019-05-10T10:13:03.000Z,79.75488299999998,6.910478,13,50
2019-05-10T10:13:13.000Z,79.7549,6.910812,13,35850
2019-05-10T10:13:43.000Z,79.754917,6.9118119999999985,13,35930
2019-05-10T10:13:52.000Z,79.754935,6.912143,13,260
2019-05-10T10:14:03.000Z,79.754935,6.912477,13,340
2019-05-10T10:14:13.000Z,79.754933,6.91281,13,160
2019-05-10T10:14:33.000Z,79.754917,6.913477,12,80
2019-05-10T10:14:52.000Z,79.7549,6.914142999999998,12,250
2019-05-10T10:15:03.000Z,79.75488299999998,6.9144770000000015,12,150
2019-05-10T10:15:13.000Z,79.75505,6.914642,12,160
2019-05-10T10:15:16.000Z,79.75505,6.914810000000001,12,70
2019-05-10T10:15:26.000Z,79.755033,6.915142,12,70
2019-05-10T10:15:36.000Z,79.755033,6.915475,11,360
2019-05-10T10:15:52.000Z,79.755033,6.915808,11,70
2019-05-10T10:16:03.000Z,79.755033,6.916142,11,80
2019-05-10T10:16:33.000Z,79.755033,6.916975,11,35800
2019-05-10T10:16:43.000Z,79.755033,6.917308,10,35990
2019-05-10T10:16:52.000Z,79.755033,6.917642,10,35900
2019-05-10T10:17:33.000Z,79.75506700000003,6.918642,10,35900
2019-05-10T10:17:53.000Z,79.755083,6.91914,9,35900
2019-05-10T10:18:14.000Z,79.7551,6.9196399999999985,9,320
2019-05-10T10:18:33.000Z,79.75511800000002,6.920139999999999,9,540
2019-05-10T10:18:53.000Z,79.755117,6.9204729999999985,9,210
2019-05-10T10:19:02.000Z,79.755117,6.920807000000001,9,550
2019-05-10T10:19:33.000Z,79.75506700000003,6.9214720000000005,8,360
2019-05-10T10:19:42.000Z,79.755217,6.9216380000000015,8,500
2019-05-10T10:19:53.000Z,79.755217,6.921972,8,250
2019-05-10T10:20:09.000Z,79.755183,6.9223050000000015,8,290
2019-05-10T10:20:32.000Z,79.75515,6.922805,8,80
2019-05-10T10:20:53.000Z,79.755117,6.923138000000002,7,130
2019-05-10T10:21:14.000Z,79.75506700000003,6.923638,8,320
2019-05-10T10:21:32.000Z,79.75501700000002,6.923972,7,260
2019-05-10T10:21:53.000Z,79.75495,6.9242880000000016,7,35950
2019-05-10T10:22:14.000Z,79.75488299999998,6.9247869999999985,7,35790
2019-05-10T10:22:32.000Z,79.754817,6.925103,7,35890
2019-05-10T10:22:53.000Z,79.754733,6.92542,7,35930
2019-05-10T10:23:14.000Z,79.754717,6.925753,7,35290
2019-05-10T10:23:22.000Z,79.754548,6.92592,7,34570
2019-05-10T10:23:42.000Z,79.75455,6.926253,7,34720
2019-05-10T10:23:53.000Z,79.75456700000002,6.926587,7,34820
2019-05-10T10:24:02.000Z,79.7544,6.926753,7,35070
2019-05-10T10:24:22.000Z,79.75445,6.927103,7,34210
2019-05-10T10:24:42.000Z,79.75435,6.9274369999999985,7,34560
2019-05-10T10:24:52.000Z,79.75438299999998,6.92762,7,34250
2019-05-10T10:25:02.000Z,79.75443299999998,6.927953,7,34600
2019-05-10T10:25:13.000Z,79.754333,6.92812,8,34310
2019-05-10T10:25:22.000Z,79.75438299999998,6.928303,8,34890
2019-05-10T10:25:52.000Z,79.754333,6.92897,9,35210
2019-05-10T10:26:13.000Z,79.754367,6.9294699999999985,9,35680
2019-05-10T10:26:33.000Z,79.75438299999998,6.92997,9,10
2019-05-10T10:26:52.000Z,79.7544,6.93047,10,210
2019-05-10T10:27:13.000Z,79.75438299999998,6.9309699999999985,10,300
2019-05-10T10:27:33.000Z,79.75435,6.93147,10,290
2019-05-10T10:27:52.000Z,79.754333,6.93197,10,380
2019-05-10T10:28:02.000Z,79.75435,6.932303,11,35990
2019-05-10T10:28:13.000Z,79.75435,6.932637,10,90
2019-05-10T10:28:33.000Z,79.75435,6.9331369999999986,11,35980
2019-05-10T10:28:54.000Z,79.754367,6.933803,11,160
2019-05-10T10:29:13.000Z,79.754367,6.934303,11,160
2019-05-10T10:29:33.000Z,79.75438299999998,6.93497,12,160
2019-05-10T10:29:54.000Z,79.754367,6.935637,12,35970
2019-05-10T10:30:13.000Z,79.75435,6.936137,12,35880
2019-05-10T10:30:33.000Z,79.75435,6.936803,12,35630
2019-05-10T10:30:54.000Z,79.754367,6.9374720000000005,13,50
2019-05-10T10:31:02.000Z,79.754367,6.937803,13,60
2019-05-10T10:31:13.000Z,79.754367,6.9381369999999984,13,35950
2019-05-10T10:31:33.000Z,79.75435,6.938803,13,30
2019-05-10T10:31:54.000Z,79.75435,6.93947,13,35950
2019-05-10T10:32:03.000Z,79.75435,6.939803,14,100
2019-05-10T10:32:13.000Z,79.754367,6.940136999999999,13,35800
2019-05-10T10:32:33.000Z,79.754367,6.94097,14,35870
2019-05-10T10:32:43.000Z,79.754367,6.941303,14,20
2019-05-10T10:32:54.000Z,79.75435,6.941653,14,10
2019-05-10T10:33:02.000Z,79.75435,6.941967999999999,14,35940
2019-05-10T10:33:13.000Z,79.754333,6.942317999999998,14,10
2019-05-10T10:33:33.000Z,79.754367,6.943135000000002,14,35800
2019-05-10T10:33:43.000Z,79.754367,6.943485000000001,15,35870
2019-05-10T10:33:54.000Z,79.75438299999998,6.9439850000000005,14,40
2019-05-10T10:34:03.000Z,79.754367,6.944317999999999,15,100
2019-05-10T10:34:13.000Z,79.754367,6.9446520000000005,15,40
2019-05-10T10:34:22.000Z,79.754367,6.944985000000001,15,150
2019-05-10T10:34:43.000Z,79.754333,6.945817999999999,15,140
2019-05-10T10:34:52.000Z,79.754333,6.9461520000000005,15,35930
2019-05-10T10:35:03.000Z,79.75435,6.946485000000001,15,35930
2019-05-10T10:35:22.000Z,79.754367,6.947317,15,30
2019-05-10T10:35:33.000Z,79.75438299999998,6.94765,15,40
2019-05-10T10:35:43.000Z,79.754367,6.947983,15,90
2019-05-10T10:35:52.000Z,79.75438299999998,6.948483,15,30
2019-05-10T10:36:03.000Z,79.754367,6.948817,15,160
2019-05-10T10:36:13.000Z,79.754367,6.949317,15,35930
2019-05-10T10:36:22.000Z,79.75435,6.94965,15,130
2019-05-10T10:36:33.000Z,79.75435,6.9499830000000005,15,35860
2019-05-10T10:36:43.000Z,79.754333,6.950483,15,130
2019-05-10T10:36:52.000Z,79.75435,6.950817,15,35860
2019-05-10T10:37:03.000Z,79.754367,6.95115,15,30
2019-05-10T10:37:13.000Z,79.754367,6.951689999999998,15,35960
2019-05-10T10:37:22.000Z,79.754385,6.952023,15,35960
2019-05-10T10:37:33.000Z,79.75438299999998,6.9525229999999985,15,30
2019-05-10T10:37:43.000Z,79.754402,6.952857000000002,15,35900
2019-05-10T10:37:52.000Z,79.754402,6.953189999999998,15,60
2019-05-10T10:38:03.000Z,79.754418,6.953689999999999,16,60
2019-05-10T10:38:13.000Z,79.754418,6.9540229999999985,16,190
2019-05-10T10:38:22.000Z,79.754417,6.954523,16,35870
2019-05-10T10:38:33.000Z,79.754437,6.9548570000000005,16,230
2019-05-10T10:38:42.000Z,79.754452,6.955189999999999,16,160
2019-05-10T10:38:52.000Z,79.75443299999998,6.95569,16,260
2019-05-10T10:39:03.000Z,79.754568,6.956022,15,460
2019-05-10T10:39:13.000Z,79.754532,6.956523,16,120
2019-05-10T10:39:22.000Z,79.754515,6.956855,15,190
2019-05-10T10:39:29.000Z,79.754498,6.957188,15,35990
2019-05-10T10:39:39.000Z,79.754482,6.957522999999999,16,90
2019-05-10T10:39:46.000Z,79.754482,6.957855,15,35830
2019-05-10T10:39:52.000Z,79.754483,6.958189999999999,16,90
2019-05-10T10:40:03.000Z,79.754482,6.958523,16,35830
2019-05-10T10:40:13.000Z,79.754482,6.958857000000001,16,35890
2019-05-10T10:40:22.000Z,79.754482,6.959355,16,35760
2019-05-10T10:40:33.000Z,79.754483,6.959688000000001,16,20
2019-05-10T10:40:42.000Z,79.754498,6.960022,15,35660
2019-05-10T10:40:52.000Z,79.754333,6.9605229999999985,16,35990
2019-05-10T10:41:03.000Z,79.754367,6.961022,16,35760
2019-05-10T10:41:13.000Z,79.754385,6.961355,16,35960
2019-05-10T10:41:33.000Z,79.754403,6.962188,16,390
2019-05-10T10:41:42.000Z,79.754385,6.962357000000001,16,150
2019-05-10T10:42:05.000Z,79.754515,6.963523,16,110
2019-05-10T10:42:13.000Z,79.754498,6.9638550000000015,16,90
2019-05-10T10:42:33.000Z,79.754483,6.964689999999999,16,70
2019-05-10T10:42:42.000Z,79.7545,6.96502,16,35800
2019-05-10T10:42:52.000Z,79.7545,6.965522,16,50
2019-05-10T10:43:03.000Z,79.754517,6.965855,16,35800
2019-05-10T10:43:13.000Z,79.754535,6.966355,16,50
2019-05-10T10:43:33.000Z,79.754552,6.967188,16,150
2019-05-10T10:43:44.000Z,79.754533,6.967522,16,20
2019-05-10T10:43:52.000Z,79.754552,6.967855,16,150
2019-05-10T10:44:03.000Z,79.754533,6.968353,16,20
2019-05-10T10:44:13.000Z,79.754517,6.968857000000002,17,160
2019-05-10T10:44:33.000Z,79.754518,6.9696880000000005,16,230
2019-05-10T10:44:44.000Z,79.754532,6.97002,16,35960
2019-05-10T10:44:52.000Z,79.754535,6.97052,16,90
2019-05-10T10:45:02.000Z,79.75456700000002,6.970853,16,35870
2019-05-10T10:45:13.000Z,79.754603,6.971353,16,60
2019-05-10T10:45:33.000Z,79.75461999999997,6.97202,16,360
2019-05-10T10:45:44.000Z,79.754583,6.972517999999999,16,190
2019-05-10T10:45:52.000Z,79.75458499999998,6.9728520000000005,15,330
2019-05-10T10:46:02.000Z,79.75456700000002,6.973353,16,220
2019-05-10T10:46:13.000Z,79.75455,6.9736850000000015,15,160
2019-05-10T10:46:33.000Z,79.75471800000003,6.974517999999999,15,35960
2019-05-10T10:46:44.000Z,79.754752,6.97485,15,60
2019-05-10T10:46:52.000Z,79.754752,6.9751850000000015,15,130
2019-05-10T10:47:02.000Z,79.754768,6.975683,15,160
2019-05-10T10:47:33.000Z,79.754767,6.976848,15,160
2019-05-10T10:47:44.000Z,79.754752,6.977183,15,400
2019-05-10T10:47:52.000Z,79.75475,6.9776820000000015,15,270
2019-05-10T10:48:02.000Z,79.754735,6.978014999999999,15,210
2019-05-10T10:48:13.000Z,79.75473199999998,6.978348,15,60
2019-05-10T10:48:44.000Z,79.754802,6.979497,14,35920
2019-05-10T10:48:52.000Z,79.754837,6.9798300000000015,14,220
2019-05-10T10:49:13.000Z,79.754903,6.980662,14,130
2019-05-10T10:49:23.000Z,79.755105,6.980997,14,380
2019-05-10T10:49:33.000Z,79.755122,6.981313,14,480
2019-05-10T10:49:42.000Z,79.755155,6.9816449999999985,14,620
2019-05-10T10:49:52.000Z,79.755138,6.982147,14,620
2019-05-10T10:50:02.000Z,79.755138,6.982478,14,850
2019-05-10T10:50:13.000Z,79.755303,6.982811999999999,14,840
2019-05-10T10:50:23.000Z,79.755287,6.983145,14,820
2019-05-10T10:50:33.000Z,79.755268,6.983495,14,820
2019-05-10T10:50:42.000Z,79.755438,6.983827000000002,14,900
2019-05-10T10:50:52.000Z,79.75543499999998,6.984162,14,520
2019-05-10T10:51:02.000Z,79.755472,6.984475,13,540
2019-05-10T10:51:13.000Z,79.755487,6.9849770000000015,13,490
2019-05-10T10:51:23.000Z,79.755557,6.9852919999999985,12,510
2019-05-10T10:51:33.000Z,79.75575699999997,6.985625,13,710
2019-05-10T10:51:52.000Z,79.75585799999998,6.986092,13,1000
2019-05-10T10:52:04.000Z,79.75590799999998,6.986573,13,1170
2019-05-10T10:52:13.000Z,79.75609,6.986907,13,1190
2019-05-10T10:52:23.000Z,79.756107,6.987239999999999,12,1530
2019-05-10T10:52:33.000Z,79.756273,6.9875729999999985,12,1610
2019-05-10T10:52:42.000Z,79.75634000000002,6.98779,12,1450
2019-05-10T10:52:52.000Z,79.756442,6.988107,12,2110
2019-05-10T10:53:03.000Z,79.756523,6.98844,12,1600
2019-05-10T10:53:13.000Z,79.756623,6.988739999999999,12,1680
2019-05-10T10:53:32.000Z,79.756773,6.989288,12,1610
2019-05-10T10:53:42.000Z,79.756875,6.98959,12,1780
2019-05-10T10:53:52.000Z,79.756973,6.989905,12,1610
2019-05-10T10:54:04.000Z,79.757092,6.990255,12,1630
2019-05-10T10:54:32.000Z,79.75747700000002,6.991105,12,1660
2019-05-10T10:54:42.000Z,79.75756,6.991337,11,1650
2019-05-10T10:54:52.000Z,79.757693,6.991622,12,1520
2019-05-10T10:55:04.000Z,79.757862,6.991935000000002,11,2060
2019-05-10T10:55:14.000Z,79.758012,6.992202000000002,12,1820
2019-05-10T10:55:32.000Z,79.758313,6.9926520000000005,11,2120
2019-05-10T10:55:42.000Z,79.75849699999998,6.9929,11,2490
2019-05-10T10:55:53.000Z,79.75871500000002,6.99315,11,2880
2019-05-10T10:56:04.000Z,79.75888,6.993382,11,3130
2019-05-10T10:56:13.000Z,79.759045,6.9936,11,3070
2019-05-10T10:56:32.000Z,79.759345,6.994,11,3510
2019-05-10T10:56:42.000Z,79.759513,6.994233,11,3900
2019-05-10T10:56:53.000Z,79.759695,6.994483,11,3700
2019-05-10T10:57:02.000Z,79.759845,6.9947,10,3890
2019-05-10T10:57:14.000Z,79.76002700000002,6.99495,11,3600
2019-05-10T10:57:33.000Z,79.760328,6.9954,11,3690
2019-05-10T10:57:42.000Z,79.76046,6.995617,10,3590
2019-05-10T10:57:53.000Z,79.760627,6.995867,10,3400
2019-05-10T10:58:02.000Z,79.760778,6.996065,10,3500
2019-05-10T10:58:13.000Z,79.76094300000003,6.996317,10,3400
2019-05-10T10:58:33.000Z,79.76124300000002,6.996764999999999,10,3400
2019-05-10T10:58:42.000Z,79.76137800000002,6.996933,10,3500
2019-05-10T10:58:53.000Z,79.761545,6.9971820000000005,10,3600
2019-05-10T10:59:02.000Z,79.761677,6.997383,11,3400
2019-05-10T10:59:13.000Z,79.761878,6.997648,10,3400
2019-05-10T10:59:33.000Z,79.762212,6.998082000000001,10,3200
2019-05-10T10:59:42.000Z,79.762378,6.998264999999999,10,3010
2019-05-10T10:59:53.000Z,79.762562,6.998497,10,3410
2019-05-10T11:00:02.000Z,79.762745,6.99868,11,3340
2019-05-10T11:00:13.000Z,79.76293000000003,6.998863,10,3300
2019-05-10T11:00:34.000Z,79.763347,6.999262,11,3540
2019-05-10T11:00:53.000Z,79.76378199999998,6.999592999999999,10,3910
2019-05-10T11:01:02.000Z,79.763982,6.999743,11,3940
2019-05-10T11:01:13.000Z,79.76413199999998,6.999827000000002,10,4500
2019-05-10T11:01:40.000Z,79.764865,7.00024,10,4800
2019-05-10T11:01:49.000Z,79.76508299999998,7.000307,11,4660
2019-05-10T11:01:56.000Z,79.76526700000002,7.0003720000000005,11,5160
2019-05-10T11:02:02.000Z,79.76545,7.000438000000001,10,5330
2019-05-10T11:02:13.000Z,79.7657,7.000503,10,5430
2019-05-10T11:02:23.000Z,79.76598299999998,7.000553,10,6200
2019-05-10T11:02:35.000Z,79.7663,7.0006179999999985,11,6450
2019-05-10T11:02:46.000Z,79.7666,7.0006520000000005,10,6920
2019-05-10T11:02:53.000Z,79.76678299999998,7.000685000000002,10,6830
2019-05-10T11:03:02.000Z,79.767033,7.000702,10,7220
2019-05-10T11:03:13.000Z,79.767335,7.000717,11,7460
2019-05-10T11:03:22.000Z,79.76756800000003,7.0007350000000015,11,7270
2019-05-10T11:03:33.000Z,79.767852,7.000732000000001,11,8130
2019-05-10T11:03:54.000Z,79.768452,7.000698,11,8360
2019-05-10T11:04:02.000Z,79.768702,7.000665,11,8450
2019-05-10T11:04:13.000Z,79.769017,7.000647,11,9140
2019-05-10T11:04:23.000Z,79.769285,7.000597999999999,11,8260
2019-05-10T11:04:33.000Z,79.7696,7.0005630000000005,11,9360
2019-05-10T11:04:42.000Z,79.769852,7.0005130000000015,12,9060
2019-05-10T11:04:54.000Z,79.770185,7.000462,11,9850
2019-05-10T11:05:02.000Z,79.77043499999998,7.000397,12,9620
2019-05-10T11:05:13.000Z,79.770768,7.00033,12,9610
2019-05-10T11:05:33.000Z,79.77131800000002,7.000195,12,10240
2019-05-10T11:05:42.000Z,79.771618,7.000128,12,10330
2019-05-10T11:05:54.000Z,79.771985,7.000063000000001,12,10420
2019-05-10T11:06:02.000Z,79.772235,7.000013,12,10170
2019-05-10T11:06:13.000Z,79.772568,6.9999449999999985,12,10580
2019-05-10T11:06:24.000Z,79.772887,6.99988,12,9840
2019-05-10T11:06:33.000Z,79.773185,6.999795,12,10330
2019-05-10T11:06:42.000Z,79.77346999999997,6.999747,12,9940
2019-05-10T11:06:54.000Z,79.773818,6.999662,12,10510
2019-05-10T11:07:02.000Z,79.77407,6.9995970000000005,13,9950
2019-05-10T11:07:13.000Z,79.774435,6.999511999999998,13,10430
2019-05-10T11:07:23.000Z,79.774787,6.999445,13,10360
2019-05-10T11:07:33.000Z,79.775103,6.999362,13,10200
2019-05-10T11:07:42.000Z,79.775402,6.9992800000000015,13,10190
2019-05-10T11:07:54.000Z,79.775752,6.9992100000000015,13,10670
2019-05-10T11:08:02.000Z,79.776035,6.99913,12,10110
2019-05-10T11:08:12.000Z,79.776368,6.999062,12,10430
2019-05-10T11:08:23.000Z,79.776668,6.998997,12,10350
2019-05-10T11:08:33.000Z,79.776983,6.9989300000000005,12,9920
2019-05-10T11:08:42.000Z,79.77725,6.998862,12,10510
2019-05-10T11:08:54.000Z,79.777617,6.998797,12,10240
2019-05-10T11:09:02.000Z,79.777883,6.998747,11,10220
2019-05-10T11:09:12.000Z,79.77816700000002,6.99868,11,10410
2019-05-10T11:09:32.000Z,79.77873199999998,6.998563000000001,11,10500
2019-05-10T11:09:43.000Z,79.779032,6.998497,11,10110
2019-05-10T11:09:54.000Z,79.779313,6.9984470000000005,10,10880
2019-05-10T11:10:02.000Z,79.779515,6.998398,10,9900
2019-05-10T11:10:12.000Z,79.77983,6.998361999999998,10,11100
2019-05-10T11:10:23.000Z,79.78011500000002,6.998297999999999,10,9520
2019-05-10T11:10:32.000Z,79.78033,6.9982630000000015,10,10800
2019-05-10T11:10:43.000Z,79.78063,6.998214999999999,10,9580
2019-05-10T11:10:53.000Z,79.780863,6.998164999999998,10,10190
2019-05-10T11:11:02.000Z,79.781113,6.998132000000001,10,9770
2019-05-10T11:11:12.000Z,79.781362,6.998082000000001,9,10080
2019-05-10T11:11:23.000Z,79.781628,6.998063,10,10830
2019-05-10T11:11:32.000Z,79.781847,6.998017999999999,9,9000
2019-05-10T11:11:43.000Z,79.782112,6.997997,9,10740
2019-05-10T11:11:53.000Z,79.782328,6.997967,9,9070
2019-05-10T11:12:02.000Z,79.782545,6.997963,9,10640
2019-05-10T11:12:12.000Z,79.78282800000002,6.997935000000001,9,8970
2019-05-10T11:12:23.000Z,79.783062,6.997914999999999,9,10480
2019-05-10T11:12:32.000Z,79.783262,6.9979,9,9310
2019-05-10T11:12:43.000Z,79.783512,6.997897999999998,9,10380
2019-05-10T11:12:53.000Z,79.783712,6.9978669999999985,8,9460
2019-05-10T11:13:02.000Z,79.78394300000002,6.997883,8,9960
2019-05-10T11:13:12.000Z,79.784162,6.997883,9,9380
2019-05-10T11:13:23.000Z,79.78439300000002,6.997902000000002,8,9400
2019-05-10T11:13:34.000Z,79.78461,6.997902000000002,8,9020
2019-05-10T11:13:43.000Z,79.784827,6.997933,8,9950
2019-05-10T11:13:53.000Z,79.78501,6.9979520000000015,8,8570
2019-05-10T11:14:02.000Z,79.785227,6.997967,8,9230
2019-05-10T11:14:13.000Z,79.785427,6.997985000000001,8,8460
2019-05-10T11:14:23.000Z,79.78566,6.997999999999998,8,9390
2019-05-10T11:14:34.000Z,79.78586,6.998017999999999,8,8090
2019-05-10T11:14:43.000Z,79.78605999999998,6.99805,7,9030
2019-05-10T11:14:53.000Z,79.78626,6.99805,7,8460
2019-05-10T11:15:13.000Z,79.786625,6.9981,7,8320
2019-05-10T11:15:23.000Z,79.78684200000002,6.998117999999999,7,8060
2019-05-10T11:15:34.000Z,79.787042,6.998133,7,8860
2019-05-10T11:15:43.000Z,79.787225,6.998135,7,8160
2019-05-10T11:15:53.000Z,79.787408,6.998167,7,8440
2019-05-10T11:16:03.000Z,79.787592,6.998167,7,8800
2019-05-10T11:16:13.000Z,79.787775,6.998183,7,7960
2019-05-10T11:16:23.000Z,79.78795799999997,6.998183,7,8610
2019-05-10T11:16:34.000Z,79.78814200000002,6.998202,7,7400
2019-05-10T11:16:43.000Z,79.788325,6.998198,7,8840
2019-05-10T11:17:03.000Z,79.788658,6.9982,7,8450
2019-05-10T11:17:13.000Z,79.78884000000002,6.998167,7,7900
2019-05-10T11:17:34.000Z,79.78919,6.9981149999999985,6,8450
2019-05-10T11:17:53.000Z,79.789523,6.998065,6,8870
2019-05-10T11:18:13.000Z,79.789823,6.99798,6,9460
2019-05-10T11:18:34.000Z,79.790138,6.9978630000000015,6,9610
2019-05-10T11:18:53.000Z,79.790438,6.997747,6,10520
2019-05-10T11:19:13.000Z,79.790738,6.997597,6,10890
2019-05-10T11:19:32.000Z,79.791005,6.9974630000000015,7,10350
2019-05-10T11:19:43.000Z,79.791173,6.9973649999999985,7,10110
2019-05-10T11:20:03.000Z,79.791455,6.997232,6,10900
2019-05-10T11:20:23.000Z,79.79175500000002,6.997063000000002,6,11920
2019-05-10T11:20:43.000Z,79.792055,6.996913,6,11800
2019-05-10T11:20:53.000Z,79.79220500000002,6.99683,6,12030
2019-05-10T11:21:03.000Z,79.792372,6.9967630000000005,6,12190
2019-05-10T11:21:23.000Z,79.792707,6.996648,7,11990
2019-05-10T11:21:43.000Z,79.79304,6.996513,7,12100
2019-05-10T11:21:53.000Z,79.79319,6.996432,7,11220
2019-05-10T11:22:12.000Z,79.79354000000002,6.996282000000001,7,10720
2019-05-10T11:22:22.000Z,79.793722,6.996197,7,12570
2019-05-10T11:22:32.000Z,79.79389,6.99613,7,11020
2019-05-10T11:22:43.000Z,79.79409,6.99603,7,11860
2019-05-10T11:23:02.000Z,79.794457,6.995914999999999,7,11400
2019-05-10T11:23:12.000Z,79.794657,6.995847,8,12210
2019-05-10T11:23:22.000Z,79.79484000000002,6.995798,8,10810
2019-05-10T11:23:32.000Z,79.795057,6.995713,8,12370
2019-05-10T11:23:43.000Z,79.795275,6.9956320000000005,8,11350
2019-05-10T11:23:52.000Z,79.79544,6.9955630000000015,8,12000
2019-05-10T11:24:02.000Z,79.79565699999998,6.995497,9,10670
2019-05-10T11:24:12.000Z,79.795857,6.995415,8,11130
2019-05-10T11:24:22.000Z,79.79607299999998,6.995347,8,11140
2019-05-10T11:24:32.000Z,79.796273,6.995247999999999,9,10650
2019-05-10T11:24:43.000Z,79.79650699999998,6.995163000000002,8,11480
2019-05-10T11:24:52.000Z,79.796707,6.995098,9,10350
2019-05-10T11:25:02.000Z,79.79690699999998,6.994997,9,11250
2019-05-10T11:25:13.000Z,79.797157,6.994913,9,11250
2019-05-10T11:25:22.000Z,79.79732299999998,6.99483,9,11710
2019-05-10T11:25:32.000Z,79.797573,6.994763000000002,9,11370
2019-05-10T11:25:43.000Z,79.797758,6.994697,9,11040
2019-05-10T11:26:13.000Z,79.79854,6.994497999999999,9,10540
2019-05-10T11:26:22.000Z,79.798757,6.9944479999999984,9,11310
2019-05-10T11:26:32.000Z,79.798973,6.994398,9,10350
2019-05-10T11:26:43.000Z,79.799257,6.994332000000001,9,10780
2019-05-10T11:26:52.000Z,79.79945699999998,6.994265,9,10880
2019-05-10T11:27:02.000Z,79.79969,6.994198,10,10260
2019-05-10T11:27:13.000Z,79.800007,6.994097999999998,10,10780
2019-05-10T11:27:22.000Z,79.800207,6.9940479999999985,10,10180
2019-05-10T11:27:32.000Z,79.80044000000002,6.993963000000001,10,10990
2019-05-10T11:27:44.000Z,79.800723,6.993898,10,10590
2019-05-10T11:27:52.000Z,79.800957,6.993815,10,10590
2019-05-10T11:28:03.000Z,79.80124,6.9937320000000005,10,10800
2019-05-10T11:28:13.000Z,79.80149,6.993632000000002,10,10410
2019-05-10T11:28:22.000Z,79.801707,6.993582000000001,10,11100
2019-05-10T11:28:32.000Z,79.80199,6.993482000000001,11,10720
2019-05-10T11:28:44.000Z,79.80229,6.993398,11,11000
2019-05-10T11:28:52.000Z,79.802573,6.993314999999999,11,10630
2019-05-10T11:29:03.000Z,79.80284,6.993232000000001,11,10910
2019-05-10T11:29:13.000Z,79.80314200000002,6.993148,12,10480
2019-05-10T11:29:44.000Z,79.80404200000002,6.992882000000002,12,10830
2019-05-10T11:29:52.000Z,79.804342,6.992798,13,10440
2019-05-10T11:30:03.000Z,79.804692,6.992682,13,10450
2019-05-10T11:30:13.000Z,79.805025,6.9925820000000005,13,10760
2019-05-10T11:30:22.000Z,79.80529200000002,6.992482000000001,14,10570
2019-05-10T11:30:32.000Z,79.80569200000002,6.992363,14,11000
2019-05-10T11:30:44.000Z,79.806075,6.9922130000000005,14,10620
2019-05-10T11:30:53.000Z,79.806375,6.992097,14,10750
2019-05-10T11:31:03.000Z,79.806708,6.991947,15,10010
2019-05-10T11:31:13.000Z,79.807023,6.991745,14,11140
2019-05-10T11:31:22.000Z,79.807325,6.9915970000000005,15,10130
2019-05-10T11:31:28.000Z,79.807523,6.9914770000000015,14,12100
2019-05-10T11:31:35.000Z,79.807723,6.991312,14,11720
2019-05-10T11:31:44.000Z,79.807992,6.991178,15,11070
2019-05-10T11:31:49.000Z,79.808157,6.991078,15,12190
2019-05-10T11:31:55.000Z,79.808357,6.990895,15,12360
2019-05-10T11:32:03.000Z,79.808623,6.990745,15,11440
2019-05-10T11:32:12.000Z,79.808923,6.990545,15,12530
2019-05-10T11:32:22.000Z,79.80924,6.9903119999999985,15,12220
2019-05-10T11:32:32.000Z,79.809607,6.990078,15,12430
2019-05-10T11:32:44.000Z,79.809923,6.989845,15,12560
2019-05-10T11:32:53.000Z,79.810273,6.9896449999999986,15,12330
2019-05-10T11:33:03.000Z,79.81059,6.989412,15,12730
2019-05-10T11:33:12.000Z,79.81089,6.989213,16,11800
2019-05-10T11:33:23.000Z,79.811223,6.989012,15,13080
2019-05-10T11:33:33.000Z,79.81154000000002,6.988797,15,11760
2019-05-10T11:33:43.000Z,79.81185699999997,6.988595,15,12950
2019-05-10T11:33:53.000Z,79.812207,6.9883630000000005,15,11960
2019-05-10T11:34:02.000Z,79.81249,6.988178,14,12740
2019-05-10T11:34:12.000Z,79.81280699999998,6.9879630000000015,14,12020
2019-05-10T11:34:23.000Z,79.81310500000002,6.987747,14,12230
2019-05-10T11:34:32.000Z,79.813407,6.987547,14,12160
2019-05-10T11:34:43.000Z,79.813738,6.98733,14,12260
2019-05-10T11:34:53.000Z,79.81400500000002,6.987147,14,12600
2019-05-10T11:35:02.000Z,79.814305,6.986947,14,12100
2019-05-10T11:35:12.000Z,79.814588,6.986763000000002,13,12600
2019-05-10T11:35:23.000Z,79.814888,6.986563,14,12440
2019-05-10T11:35:32.000Z,79.815205,6.986363000000001,13,12130
2019-05-10T11:35:43.000Z,79.815505,6.986163,13,12360
2019-05-10T11:35:53.000Z,79.815788,6.9859800000000005,13,12440
2019-05-10T11:36:02.000Z,79.816055,6.985813,13,12280
2019-05-10T11:36:13.000Z,79.816353,6.985613000000002,13,12440
2019-05-10T11:36:23.000Z,79.816622,6.985447,13,12200
2019-05-10T11:36:33.000Z,79.81692199999998,6.9852300000000005,13,12450
2019-05-10T11:36:43.000Z,79.817153,6.985063,13,11960
2019-05-10T11:36:53.000Z,79.81742,6.98488,12,12310
2019-05-10T11:37:02.000Z,79.817653,6.984697,12,12560
2019-05-10T11:37:13.000Z,79.81796999999997,6.9844800000000005,12,12650
2019-05-10T11:37:23.000Z,79.818237,6.984297,12,12480
2019-05-10T11:37:33.000Z,79.818487,6.984097,12,12640
2019-05-10T11:38:03.000Z,79.81926999999997,6.983598,12,12370
2019-05-10T11:38:13.000Z,79.81952,6.983414999999999,12,12430
2019-05-10T11:38:23.000Z,79.81976999999998,6.9832649999999985,12,12350
2019-05-10T11:38:33.000Z,79.820037,6.9830820000000005,12,12180
2019-05-10T11:38:43.000Z,79.82027,6.982914999999998,12,12090
2019-05-10T11:38:54.000Z,79.82056800000002,6.982715,12,12710
2019-05-10T11:39:03.000Z,79.820785,6.982548,12,12190
2019-05-10T11:39:13.000Z,79.82101800000002,6.982365,12,12630
2019-05-10T11:39:23.000Z,79.821268,6.982182000000001,11,12810
2019-05-10T11:39:33.000Z,79.82151800000003,6.982015,11,13070
2019-05-10T11:39:43.000Z,79.821752,6.981832000000002,11,12350
2019-05-10T11:39:54.000Z,79.822035,6.981648,11,12700
2019-05-10T11:40:03.000Z,79.82226800000002,6.9814820000000015,11,12340
2019-05-10T11:40:13.000Z,79.822518,6.981332000000001,11,12510
2019-05-10T11:40:23.000Z,79.82275200000002,6.981198,11,12690
2019-05-10T11:40:33.000Z,79.823018,6.981014999999998,11,12230
2019-05-10T11:40:42.000Z,79.823252,6.980882000000001,11,12500
2019-05-10T11:40:54.000Z,79.82353499999998,6.9806979999999985,11,12040
2019-05-10T11:41:03.000Z,79.823785,6.980565,11,12320
2019-05-10T11:41:13.000Z,79.82401800000002,6.980397999999999,11,11870
2019-05-10T11:41:23.000Z,79.824268,6.980232000000001,11,12240
2019-05-10T11:41:33.000Z,79.824502,6.980082,12,12510
2019-05-10T11:41:42.000Z,79.824752,6.979917,12,11990
2019-05-10T11:41:54.000Z,79.825052,6.979733,12,12770
2019-05-10T11:42:03.000Z,79.82530200000002,6.9795669999999985,12,12250
2019-05-10T11:42:13.000Z,79.825568,6.979398,12,12510
2019-05-10T11:42:23.000Z,79.825818,6.979233,12,12080
2019-05-10T11:42:33.000Z,79.82608499999998,6.9790649999999985,12,12850
2019-05-10T11:43:13.000Z,79.827117,6.9784169999999985,12,12250
2019-05-10T11:43:23.000Z,79.82736700000002,6.978267,12,12330
2019-05-10T11:43:33.000Z,79.82763299999998,6.978083,12,12020
2019-05-10T11:43:42.000Z,79.827917,6.9779,12,12100
2019-05-10T11:43:54.000Z,79.82821700000002,6.9776669999999985,13,11880
2019-05-10T11:44:03.000Z,79.82845999999998,6.9774970000000005,12,12220
2019-05-10T11:44:12.000Z,79.828683,6.977317,12,12320
2019-05-10T11:44:23.000Z,79.828992,6.977113,12,12900
2019-05-10T11:44:33.000Z,79.829245,6.9769,13,12000
2019-05-10T11:44:44.000Z,79.82950699999998,6.976711999999999,12,13300
2019-05-10T11:44:54.000Z,79.829778,6.9765169999999985,13,12090
2019-05-10T11:45:03.000Z,79.830058,6.97633,13,12970
2019-05-10T11:45:12.000Z,79.830277,6.9761820000000005,13,12420
2019-05-10T11:45:23.000Z,79.83059300000002,6.975947,13,12570
2019-05-10T11:45:33.000Z,79.830875,6.975747,13,12900
2019-05-10T11:45:44.000Z,79.831175,6.97553,13,12500
2019-05-10T11:45:55.000Z,79.831445,6.975333,13,12180
2019-05-10T11:46:04.000Z,79.83171,6.975147,13,12970
2019-05-10T11:46:12.000Z,79.83196,6.974932000000001,13,12480
2019-05-10T11:46:22.000Z,79.83225999999998,6.974763,13,12950
2019-05-10T11:46:33.000Z,79.832527,6.974548,13,12330
2019-05-10T11:47:03.000Z,79.83335699999998,6.973928,13,12940
2019-05-10T11:47:12.000Z,79.833558,6.973747,13,12700
2019-05-10T11:47:22.000Z,79.833842,6.973547,13,12940
2019-05-10T11:47:33.000Z,79.834125,6.973313,13,12480
2019-05-10T11:47:43.000Z,79.834375,6.97308,13,12480
2019-05-10T11:47:53.000Z,79.834623,6.972847,13,12390
2019-05-10T11:48:03.000Z,79.83487,6.97261,13,13100
2019-05-10T11:48:12.000Z,79.83509000000002,6.972395,13,12800
2019-05-10T11:48:22.000Z,79.835305,6.972178,13,13280
2019-05-10T11:48:33.000Z,79.83559,6.971913000000002,13,13140
2019-05-10T11:48:43.000Z,79.83585500000002,6.971645,13,13620
2019-05-10T11:49:12.000Z,79.836538,6.9709949999999985,13,13700
2019-05-10T11:49:22.000Z,79.836772,6.970747,13,13300
2019-05-10T11:49:33.000Z,79.837053,6.970495,13,13830
2019-05-10T11:49:42.000Z,79.837273,6.970298,13,13040
2019-05-10T11:49:54.000Z,79.83755500000002,6.970028,13,13520
2019-05-10T11:50:03.000Z,79.837772,6.96978,13,12900
2019-05-10T11:50:12.000Z,79.838002,6.969527,13,13340
2019-05-10T11:50:22.000Z,79.838185,6.969293,13,13280
2019-05-10T11:50:33.000Z,79.838417,6.969042999999999,13,14020
2019-05-10T11:50:42.000Z,79.83861800000003,6.968762,13,13710
2019-05-10T11:51:03.000Z,79.83906999999998,6.968195,13,13870
2019-05-10T11:51:12.000Z,79.839237,6.968028,13,13950
2019-05-10T11:51:22.000Z,79.839402,6.967677,13,14030
2019-05-10T11:51:33.000Z,79.839702,6.967495,13,13490
2019-05-10T11:51:42.000Z,79.839832,6.967142999999999,13,14170
2019-05-10T11:52:03.000Z,79.840282,6.96661,13,14280
2019-05-10T11:52:12.000Z,79.84043199999998,6.966442999999999,12,14610
2019-05-10T11:52:22.000Z,79.8406,6.9661100000000005,12,14370
2019-05-10T11:52:33.000Z,79.840765,6.96576,13,14610
2019-05-10T11:52:42.000Z,79.840917,6.965592999999998,13,14460
2019-05-10T11:52:54.000Z,79.841098,6.965260000000002,13,14700
2019-05-10T11:53:03.000Z,79.84125,6.964927,13,14390
2019-05-10T11:53:12.000Z,79.841382,6.964743,13,14410
2019-05-10T11:53:22.000Z,79.84168000000003,6.964392,13,14350
2019-05-10T11:53:33.000Z,79.84179499999998,6.964192,13,14630
2019-05-10T11:54:03.000Z,79.842228,6.96316,12,15230
2019-05-10T11:54:12.000Z,79.842395,6.962992,12,15400
2019-05-10T11:54:23.000Z,79.842563,6.9626600000000005,12,15150
2019-05-10T11:54:33.000Z,79.84272800000002,6.962325,13,15400
2019-05-10T11:54:42.000Z,79.842878,6.961992,13,15250
2019-05-10T11:55:03.000Z,79.84304499999998,6.961492,13,15500
2019-05-10T11:55:12.000Z,79.843212,6.961158,13,15500
2019-05-10T11:55:23.000Z,79.843397,6.960827,13,15480
2019-05-10T11:55:33.000Z,79.843563,6.960493,13,15400
2019-05-10T11:55:42.000Z,79.843745,6.960342,13,15550
2019-05-10T11:56:03.000Z,79.844062,6.95966,13,15160
2019-05-10T11:56:13.000Z,79.844212,6.959325,13,15410
2019-05-10T11:56:23.000Z,79.844212,6.9589919999999985,12,15500
2019-05-10T11:56:33.000Z,79.844378,6.958827,13,15580
2019-05-10T11:56:42.000Z,79.844545,6.958492999999999,12,15330
2019-05-10T11:56:52.000Z,79.844712,6.95816,12,15410
2019-05-10T11:57:03.000Z,79.84486,6.95781,12,15330
2019-05-10T11:57:13.000Z,79.84501,6.957642999999999,12,15340
2019-05-10T11:57:23.000Z,79.84515999999998,6.9573100000000005,12,15440
2019-05-10T11:57:33.000Z,79.84514200000002,6.9569600000000005,12,15520
2019-05-10T11:57:42.000Z,79.845292,6.9567929999999985,12,15700
2019-05-10T11:58:23.000Z,79.845827,6.955628,11,15700
2019-05-10T11:58:33.000Z,79.845827,6.955313,11,15600
2019-05-10T11:58:42.000Z,79.845993,6.955147,11,15600
2019-05-10T11:58:52.000Z,79.846158,6.9548130000000015,11,15500
2019-05-10T11:59:03.000Z,79.846308,6.95463,10,15600
2019-05-10T11:59:13.000Z,79.846308,6.954297,10,15500
2019-05-10T11:59:23.000Z,79.846457,6.954132,10,15590
2019-05-10T11:59:33.000Z,79.84660699999998,6.953798,10,15590
2019-05-10T11:59:42.000Z,79.84659,6.953614999999999,10,15790
2019-05-10T11:59:52.000Z,79.84674,6.95345,9,15680
2019-05-10T12:00:03.000Z,79.846723,6.953117,9,15780
2019-05-10T12:00:13.000Z,79.846888,6.952933,9,15770
2019-05-10T12:00:42.000Z,79.847172,6.952267,9,15860
2019-05-10T12:00:52.000Z,79.847155,6.952083,8,15840
2019-05-10T12:01:03.000Z,79.847155,6.951752000000001,8,15950
2019-05-10T12:01:13.000Z,79.847305,6.9515850000000015,8,15920
2019-05-10T12:01:33.000Z,79.847453,6.951252,8,16040
2019-05-10T12:02:14.000Z,79.84756999999998,6.950402,7,16220
2019-05-10T12:02:22.000Z,79.84772,6.950237,7,16220
2019-05-10T12:02:42.000Z,79.84770300000002,6.949903,7,16450
2019-05-10T12:02:52.000Z,79.84787,6.949737,7,16450
2019-05-10T12:03:14.000Z,79.847853,6.949403,6,16440
2019-05-10T12:03:22.000Z,79.84801999999998,6.949222,6,16440
2019-05-10T12:03:42.000Z,79.847985,6.948888,6,16700
2019-05-10T12:04:03.000Z,79.84796800000002,6.948555000000002,6,16630
2019-05-10T12:04:14.000Z,79.848118,6.9483880000000005,6,16630
2019-05-10T12:04:33.000Z,79.848102,6.948055,6,16900
2019-05-10T12:04:52.000Z,79.848268,6.947723,5,16900
2019-05-10T12:05:22.000Z,79.848285,6.94739,5,16900
2019-05-10T12:05:42.000Z,79.848285,6.947057000000001,5,16800
2019-05-10T12:06:03.000Z,79.84845200000002,6.946892,5,16800
2019-05-10T12:06:22.000Z,79.84845200000002,6.9465580000000005,5,16900
2019-05-10T12:06:52.000Z,79.848602,6.946225,4,16670
2019-05-10T12:07:23.000Z,79.848618,6.945892999999999,3,17170
2019-05-10T12:08:04.000Z,79.848753,6.945578,2,17460
2019-05-10T12:08:32.000Z,79.84891999999998,6.945463,2,18000
2019-05-10T12:09:04.000Z,79.849103,6.945382,2,17640
2019-05-10T12:09:32.000Z,79.84926999999998,6.9453,2,18380
2019-05-10T12:10:04.000Z,79.849487,6.945283,2,18680
2019-05-10T12:10:43.000Z,79.84971800000002,6.9453520000000015,1,19300
2019-05-10T12:11:32.000Z,79.849785,6.945517999999999,1,17490
2019-05-10T12:12:32.000Z,79.849935,6.945668,1,15890
2019-05-10T12:12:43.000Z,79.85011800000002,6.945735000000001,1,15390
2019-05-10T12:13:53.000Z,79.850117,6.945917999999999,1,14840
2019-05-10T12:14:42.000Z,79.850183,6.946135000000001,1,12790
2019-05-10T12:15:33.000Z,79.850167,6.946335,1,12550
2019-05-10T12:16:42.000Z,79.849965,6.9465520000000005,1,11290
2019-05-10T12:18:03.000Z,79.849815,6.946667,1,10080
2019-05-10T12:19:13.000Z,79.84961700000002,6.9466,1,12690
2019-05-10T12:20:13.000Z,79.8497,6.946447999999998,1,16080
2019-05-10T12:21:43.000Z,79.84983299999998,6.946115,1,16240
2019-05-10T12:23:03.000Z,79.849935,6.945932000000001,1,15230
2019-05-10T12:23:32.000Z,79.850185,6.945748,1,14290
2019-05-10T12:24:22.000Z,79.850285,6.945564999999998,1,14690
2019-05-10T12:25:22.000Z,79.850585,6.945532000000001,0,16940
2019-05-10T12:25:52.000Z,79.850668,6.9453320000000005,0,17710
2019-05-10T12:27:22.000Z,79.850717,6.94515,0,17440
2019-05-10T12:28:43.000Z,79.85075,6.945133,0,9350
2019-05-10T12:31:52.000Z,79.85091700000002,6.945133,0,11200
2019-05-10T12:36:06.000Z,79.85095,6.945117,0,2300
2019-05-10T12:42:09.000Z,79.850967,6.9451,0,2400
2019-05-10T12:45:11.000Z,79.850967,6.9451,0,2400
2019-05-10T12:51:11.000Z,79.850983,6.9451,0,2400
2019-05-16T01:01:26.000Z,79.85249,6.948360000000001,0,18830
2019-05-16T01:19:26.000Z,79.852502,6.948364999999999,0,18830
2019-05-16T01:31:28.000Z,79.852513,6.9483929999999985,0,18830
2019-05-16T01:46:27.000Z,79.85251,6.9483880000000005,0,18830
2019-05-16T02:04:27.000Z,79.852515,6.94838,0,18830
2019-05-16T02:19:27.000Z,79.852552,6.948353,0,18830
2019-05-16T02:34:28.000Z,79.85254499999998,6.948377000000002,0,18830
2019-05-16T02:52:29.000Z,79.852435,6.948362,0,18830
2019-05-16T03:10:29.000Z,79.85248299999998,6.9483869999999985,0,18830
2019-05-16T03:19:29.000Z,79.85224699999998,6.949022,3,500
2019-05-16T04:35:01.000Z,79.68352,6.956747,27,24360
2019-05-16T04:43:30.000Z,79.654987,6.942507000000001,24,24230
2019-05-16T04:44:30.000Z,79.65176,6.94088,23,24270
2019-05-16T04:48:30.000Z,79.639112,6.9344899999999985,21,24440
2019-05-16T04:49:30.000Z,79.636212,6.933038000000002,21,24350
2019-05-16T04:50:11.000Z,79.634288,6.932063,20,24300
2019-05-16T04:59:40.000Z,79.609587,6.919635,17,24190
2019-05-16T05:03:00.000Z,79.602135,6.915597,16,24210
2019-05-16T05:05:10.000Z,79.597398,6.913102,16,24250
2019-05-16T05:06:49.000Z,79.593772,6.911111999999998,16,24100
2019-05-16T05:09:11.000Z,79.588657,6.908287,16,24050
2019-05-16T05:10:50.000Z,79.585065,6.906318,16,24160
2019-05-16T05:13:00.000Z,79.580315,6.9038,16,24090
2019-05-16T05:14:00.000Z,79.578122,6.902627000000002,16,24210
2019-05-16T05:18:19.000Z,79.568738,6.897525,16,24130
2019-05-16T05:18:45.000Z,79.567947,6.897147,16,24230
2019-05-16T05:23:58.000Z,79.556213,6.890827000000002,16,24310
2019-05-16T05:28:21.000Z,79.546625,6.885797,16,24270
2019-05-16T05:34:21.000Z,79.533385,6.878758,16,24320
2019-05-16T05:39:50.000Z,79.521263,6.872338,16,24140
2019-05-16T05:42:58.000Z,79.514347,6.86872,16,24270
2019-05-16T06:26:32.000Z,79.418747,6.816375,16,24120
2019-05-16T07:01:51.000Z,79.34196700000003,6.771397,16,23770
2019-05-16T09:55:27.000Z,78.94708,6.594642,16,24610
2019-05-16T11:53:50.000Z,78.67084799999998,6.4787370000000015,17,24350
2019-05-16T14:25:59.000Z,78.31225699999997,6.316423,17,24930
2019-05-16T15:30:29.000Z,78.15825,6.251525,17,24440
2019-05-16T16:25:18.000Z,78.027733,6.199013,17,24780
2019-05-16T16:50:18.000Z,77.968267,6.17328,17,24570
2019-05-16T16:53:18.000Z,77.96104,6.170133,17,24650
2019-05-16T17:35:51.000Z,77.859525,6.124128,17,24720
2019-05-16T17:50:42.000Z,77.824353,6.107933,17,24640
2019-05-16T17:57:00.000Z,77.808747,6.100933,17,24550
2019-05-16T18:30:04.000Z,77.7292,6.06376,17,24460
2019-05-16T20:21:38.000Z,77.45538,5.95188,17,25480
2019-05-17T00:44:41.000Z,76.84536700000002,5.659838,16,24930
2019-05-17T02:01:59.000Z,76.670867,5.5822699999999985,16,24460
2019-05-17T02:02:48.000Z,76.66906,5.581443,16,24520
2019-05-17T04:29:49.000Z,76.321372,5.429107,16,24650
2019-05-17T05:00:30.000Z,76.249167,5.398063,17,24620
2019-05-17T05:04:07.000Z,76.240507,5.3944269999999985,16,24630
2019-05-17T06:13:03.000Z,76.082187,5.3232,16,24560
2019-05-17T06:41:21.000Z,76.015522,5.295592,17,24950
2019-05-17T06:41:33.000Z,76.01469300000002,5.295307,17,25110
2019-05-17T07:11:15.000Z,75.943493,5.267467,17,24290
2019-05-17T12:05:00.000Z,75.42116800000002,5.0744669999999985,17,24680
2019-05-17T14:43:20.000Z,75.064137,4.903637000000002,16,24560
2019-05-17T15:29:50.000Z,74.95863299999998,4.851907,17,24440
2019-05-17T16:34:30.000Z,74.803382,4.785707,17,24950
2019-05-17T17:09:51.000Z,74.717333,4.752315,17,24770
2019-05-17T17:30:50.000Z,74.66573299999997,4.73216,17,24790
2019-05-17T18:06:51.000Z,74.580167,4.695665,17,24580
2019-05-17T18:18:31.000Z,74.55219,4.682975,17,24530
2019-05-17T18:43:41.000Z,74.492582,4.654823,17,24290
2019-05-17T19:15:20.000Z,74.418638,4.620297,16,24670
2019-05-17T19:55:56.000Z,74.324187,4.578667,16,24600
2019-05-17T23:44:42.000Z,73.78065699999998,4.354030000000002,17,24810
2019-05-18T00:39:42.000Z,73.64285,4.30333,17,25030
2019-05-18T00:41:35.000Z,73.638223,4.301425,17,24820
2019-05-18T00:46:03.000Z,73.62697800000002,4.296557,18,24610
2019-05-18T00:48:50.000Z,73.619982,4.293528,17,24580
2019-05-18T00:52:54.000Z,73.610835,4.28971,15,24700
2019-05-18T00:54:42.000Z,73.607452,4.2882419999999986,11,24730
2019-05-18T01:05:52.000Z,73.595072,4.283285,5,25080
2019-05-18T01:11:04.000Z,73.591625,4.281397,4,23340
2019-05-18T01:14:01.000Z,73.590323,4.2801800000000005,3,22320
2019-05-18T01:16:24.000Z,73.589545,4.279248,3,22060
2019-05-18T01:20:32.000Z,73.588408,4.277625,2,21430
2019-05-18T01:24:42.000Z,73.587277,4.276187,2,21560
2019-05-18T01:27:25.000Z,73.58653199999998,4.275302,2,22470
2019-05-18T01:34:23.000Z,73.584228,4.2732800000000015,3,23060
2019-05-18T01:36:14.000Z,73.583572,4.272707,2,23550
2019-05-18T01:44:02.000Z,73.579995,4.270038,3,20860
2019-05-18T01:49:15.000Z,73.58121700000002,4.266985,6,11190
2019-05-18T01:54:02.000Z,73.584692,4.267473000000002,3,5530
2019-05-18T02:48:09.000Z,73.58605,4.273525,3,11630
2019-05-18T02:52:52.000Z,73.587552,4.271728,2,15980
2019-05-18T03:03:10.000Z,73.586907,4.267602,2,20570
2019-05-18T03:19:21.000Z,73.581918,4.26222,7,26240
2019-05-18T03:25:20.000Z,73.579513,4.266426999999998,6,3040
2019-05-18T03:36:11.000Z,73.590778,4.273333,5,8710
2019-05-18T03:42:32.000Z,73.594892,4.272393,3,10830
2019-05-18T03:48:02.000Z,73.597533,4.27152,2,10260
2019-05-18T03:59:40.000Z,73.597685,4.277702,10,28240
2019-05-18T04:03:41.000Z,73.589388,4.274727,17,24820
2019-05-18T04:10:31.000Z,73.571505,4.26804,18,26180
2019-05-18T04:15:30.000Z,73.557965,4.269207,17,28160
2019-05-18T04:24:07.000Z,73.535922,4.273093,16,26830
2019-05-18T04:25:31.000Z,73.532527,4.272285,16,25330
2019-05-18T04:35:11.000Z,73.518108,4.252617,17,20860
2019-05-18T04:42:51.000Z,73.511178,4.2349830000000015,14,19230
2019-05-18T04:46:51.000Z,73.51033000000002,4.226072,14,18230
2019-05-18T04:51:11.000Z,73.510088,4.216655,13,18000
2019-05-18T05:27:41.000Z,73.498137,4.1829269999999985,0,24600
2019-05-18T05:32:30.000Z,73.49879,4.183008,0,7660
2019-05-18T05:34:01.000Z,73.499063,4.1830120000000015,0,7580
2019-05-18T05:40:32.000Z,73.49946800000002,4.183075,0,25870
2019-05-18T05:45:31.000Z,73.499262,4.18312,0,27940
2019-05-18T05:52:11.000Z,73.49949000000002,4.182743,0,16760
2019-05-18T05:55:19.000Z,73.499445,4.182568,0,20110
2019-05-18T06:05:23.000Z,73.499375,4.182947,0,3050
2019-05-18T06:09:22.000Z,73.499502,4.182915,0,4590
2019-05-18T06:14:50.000Z,73.49935500000002,4.182702,0,22130
2019-05-18T06:18:11.000Z,73.499422,4.182588,0,16680
2019-05-18T06:21:50.000Z,73.499342,4.182467,0,21010
2019-05-18T06:28:02.000Z,73.49931,4.18228,0,19350
2019-05-18T06:31:12.000Z,73.49923199999998,4.182169999999998,0,20250
2019-05-18T06:34:40.000Z,73.49926500000002,4.182023,0,20700
2019-05-18T06:37:43.000Z,73.49922,4.181977,0,20700
2019-05-18T06:43:51.000Z,73.49925,4.182142,0,35350
2019-05-18T06:47:01.000Z,73.499238,4.182218,0,35510
2019-05-18T06:50:09.000Z,73.499323,4.182388,0,1650
2019-05-18T06:53:10.000Z,73.49935,4.182428,0,1650
2019-05-18T06:59:52.000Z,73.49937,4.182457,0,1650
2019-05-18T07:05:11.000Z,73.499335,4.182375,0,19760
2019-05-18T07:08:12.000Z,73.499257,4.1821769999999985,0,21510
2019-05-18T07:11:14.000Z,73.499137,4.182022,0,21920
2019-05-18T07:14:20.000Z,73.499055,4.18191,0,20690
2019-05-18T07:20:22.000Z,73.499015,4.18163,0,19900
2019-05-18T07:24:02.000Z,73.49895,4.1815419999999985,0,25740
2019-05-18T07:28:32.000Z,73.498835,4.1816,0,28020
2019-05-18T07:39:41.000Z,73.498913,4.18155,0,28020
2019-05-18T07:42:44.000Z,73.498912,4.181518,0,28020
2019-05-18T07:45:54.000Z,73.498805,4.181485,0,25240
2019-05-18T07:52:21.000Z,73.498452,4.181353,0,24530
2019-05-18T07:55:31.000Z,73.49840999999998,4.181267,0,24530
2019-05-18T07:58:32.000Z,73.498365,4.181232,0,24530
2019-05-18T08:01:41.000Z,73.49845,4.181172,0,24530
