timestamp,longitude,latitude,speed,direction
2019-11-02T06:36:45.000Z,114.495382,20.398697,24,2010
2019-11-02T06:52:35.000Z,114.517688,20.453365,24,2010
2019-11-02T07:01:25.000Z,114.52998999999998,20.484045,25,2060
2019-11-02T07:02:05.000Z,114.53095,20.48643,24,2130
2019-11-02T07:12:55.000Z,114.546287,20.524145,25,2430
2019-11-02T07:16:05.000Z,114.55327,20.534077,25,3780
2019-11-02T07:28:45.000Z,114.586697,20.568620000000006,24,4360
2019-11-02T07:36:54.000Z,114.608753,20.5908,24,4600
2019-11-02T07:40:04.000Z,114.617823,20.59916,25,4250
2019-11-02T07:40:35.000Z,114.619212,20.600573,25,4340
2019-11-02T07:41:04.000Z,114.62055,20.601875,24,4390
2019-11-02T07:41:15.000Z,114.62106,20.60238,25,4370
2019-11-02T07:41:24.000Z,114.621515,20.602838,25,4340
2019-11-02T07:50:45.000Z,114.64688999999998,20.628173,24,3570
2019-11-02T07:50:55.000Z,114.647267,20.62868,24,3530
2019-11-02T07:51:05.000Z,114.647645,20.629188,24,3510
2019-11-02T07:51:16.000Z,114.647987,20.629635,24,3550
2019-11-02T08:05:18.000Z,114.672832,20.676815,25,2850
2019-11-02T08:05:36.000Z,114.673425,20.677812,25,2930
2019-11-02T08:05:42.000Z,114.673628,20.678143,25,2980
2019-11-02T08:06:42.000Z,114.675705,20.681442,25,3120
2019-11-02T08:06:48.000Z,114.675918,20.681768,25,3150
2019-11-02T08:07:00.000Z,114.676343,20.682427,25,3130
2019-11-02T08:07:07.000Z,114.67656,20.682753,25,3160
2019-11-02T08:07:10.000Z,114.676665,20.682918,25,3140
2019-11-02T08:07:12.000Z,114.676772,20.683087,25,3140
2019-11-02T08:07:20.000Z,114.677058,20.683525,25,3140
2019-11-02T08:08:00.000Z,114.678402,20.685687,25,3090
2019-11-02T08:13:31.000Z,114.691725,20.702483,25,4160
2019-11-02T08:15:30.000Z,114.697205,20.708115,25,4450
2019-11-02T08:16:00.000Z,114.69859,20.70949,25,4350
2019-11-02T08:18:30.000Z,114.70544,20.716518,25,4320
2019-11-02T08:18:59.000Z,114.706707,20.717813,25,4270
2019-11-02T08:21:59.000Z,114.715048,20.725967,25,4460
2019-11-02T11:35:29.000Z,115.323985,21.129433,25,4640
2019-11-02T11:35:59.000Z,115.325305,21.130767,25,4230
2019-11-02T11:37:19.000Z,115.328662,21.13471,25,3760
2019-11-02T11:41:39.000Z,115.33897,21.14827,25,3400
2019-11-02T11:43:15.000Z,115.342648,21.153428,25,3370
2019-11-02T11:44:03.000Z,115.344427,21.155958,25,3350
2019-11-02T11:44:15.000Z,115.34492,21.15666,25,3340
2019-11-02T11:44:34.000Z,115.345633,21.157688,25,3320
2019-11-02T11:44:45.000Z,115.34605,21.15828,25,3350
2019-11-02T11:44:51.000Z,115.346267,21.15861,25,3270
2019-11-02T11:45:16.000Z,115.347153,21.15991,25,3280
2019-11-02T11:45:21.000Z,115.34733500000002,21.160187,25,3240
2019-11-02T11:48:05.000Z,115.35343799999998,21.169215,25,3220
2019-11-02T11:48:41.000Z,115.354723,21.17115,25,3200
2019-11-02T11:49:16.000Z,115.356058,21.173137,25,3230
2019-11-02T11:50:16.000Z,115.358248,21.176482,25,3170
2019-11-02T11:50:21.000Z,115.358465,21.176818,25,3150
2019-11-02T11:53:17.000Z,115.364757,21.186478,25,3190
2019-11-02T11:55:04.000Z,115.368643,21.19243,25,3110
2019-11-02T11:59:08.000Z,115.377408,21.205837,25,3140
2019-11-02T11:59:48.000Z,115.37884,21.208028,25,3150
2019-11-02T12:05:03.000Z,115.390198,21.225438,25,3130
2019-11-02T12:05:58.000Z,115.392147,21.228407,25,3130
2019-11-02T12:06:03.000Z,115.392362,21.228735,25,3150
2019-11-02T12:06:52.000Z,115.39413799999998,21.231422,25,3180
2019-11-02T12:07:58.000Z,115.396532,21.235057,25,3110
2019-11-02T12:08:58.000Z,115.398668,21.238322,25,3090
2019-11-02T12:09:03.000Z,115.39888700000002,21.238652,25,3130
2019-11-02T12:09:40.000Z,115.40022,21.240703,25,3120
2019-11-02T12:09:45.000Z,115.400403,21.24098,25,3140
2019-11-02T12:10:03.000Z,115.401042,21.241983,25,3070
2019-11-02T12:11:04.000Z,115.40319,21.245287,25,3140
2019-11-02T12:11:15.000Z,115.403622,21.245948,25,3170
2019-11-02T12:12:10.000Z,115.405612,21.248967,25,3150
2019-11-02T12:15:47.000Z,115.415912,21.258888,25,5110
2019-11-02T12:16:08.000Z,115.417032,21.259742000000006,25,5100
2019-11-02T12:20:40.000Z,115.43188700000002,21.270098,25,5440
2019-11-02T12:20:50.000Z,115.432437,21.270473000000006,25,5420
2019-11-02T12:20:59.000Z,115.432935,21.270805,25,5440
2019-11-02T12:21:08.000Z,115.433433,21.27114,25,5440
2019-11-02T12:22:08.000Z,115.436778,21.273418,25,5380
2019-11-02T12:22:50.000Z,115.439013,21.274928,25,5430
2019-11-02T12:23:19.000Z,115.440648,21.276032,25,5440
2019-11-02T12:24:38.000Z,115.444997,21.27891,25,5520
2019-11-02T12:45:18.000Z,115.506763,21.328888,25,2600
2019-11-02T12:58:49.000Z,115.53033700000002,21.376648,25,2430
2019-11-02T12:59:56.000Z,115.532228,21.380503,25,2480
2019-11-02T13:00:01.000Z,115.532403,21.380858,25,2470
2019-11-02T13:00:31.000Z,115.533317,21.382698,25,2470
2019-11-02T13:01:56.000Z,115.535762,21.387695,26,2420
2019-11-02T13:02:31.000Z,115.536813,21.389777,26,2560
2019-11-02T13:02:44.000Z,115.537222,21.390547,26,2600
2019-11-02T13:02:57.000Z,115.537588,21.391253,26,2590
2019-11-02T13:03:01.000Z,115.537738,21.39155,26,2560
2019-11-02T13:03:07.000Z,115.537925,21.391905,26,2580
2019-11-02T13:03:15.000Z,115.538147,21.392317,26,2620
2019-11-02T13:03:20.000Z,115.538302,21.392612,26,2610
2019-11-02T13:03:26.000Z,115.538523,21.393022,26,2640
2019-11-02T13:03:56.000Z,115.539477,21.394782,26,2670
2019-11-02T13:04:02.000Z,115.539662,21.395138,26,2630
2019-11-02T13:04:15.000Z,115.540033,21.395847,26,2580
2019-11-02T13:04:19.000Z,115.540207,21.396205,26,2540
2019-11-02T13:04:26.000Z,115.540353,21.396503,25,2510
2019-11-02T13:04:37.000Z,115.540702,21.397222,26,2460
2019-11-02T13:04:50.000Z,115.541043,21.397938,26,2390
2019-11-02T13:04:56.000Z,115.541247,21.398357,26,2430
2019-11-02T13:05:01.000Z,115.541385,21.398657,25,2380
2019-11-02T13:05:08.000Z,115.541555,21.399015,25,2380
2019-11-02T13:05:13.000Z,115.54173,21.399373,25,2430
2019-11-02T13:05:19.000Z,115.541897,21.399737,26,2360
2019-11-02T13:05:26.000Z,115.5421,21.400153,25,2400
2019-11-02T13:05:31.000Z,115.542275,21.400512,25,2430
2019-11-02T13:05:50.000Z,115.542802,21.401585,26,2450
2019-11-02T13:05:56.000Z,115.542978,21.401943,26,2450
2019-11-02T13:06:08.000Z,115.543335,21.402655,26,2490
2019-11-02T13:06:14.000Z,115.543487,21.40295,26,2510
2019-11-02T13:06:19.000Z,115.543673,21.403303,26,2570
2019-11-02T13:06:26.000Z,115.543863,21.403653,26,2610
2019-11-02T13:06:50.000Z,115.544643,21.405052,26,2790
2019-11-02T13:06:56.000Z,115.544843,21.405395,26,2800
2019-11-02T13:07:08.000Z,115.545283,21.40614,25,2890
2019-11-02T13:07:19.000Z,115.545643,21.406778,26,2830
2019-11-02T13:07:25.000Z,115.54587,21.407183,26,2820
2019-11-02T13:07:31.000Z,115.54602,21.40748,26,2700
2019-11-02T13:07:38.000Z,115.546237,21.407892,26,2650
2019-11-02T13:07:44.000Z,115.546418,21.408242,25,2610
2019-11-02T13:07:50.000Z,115.546588,21.4086,25,2520
2019-11-02T13:08:01.000Z,115.546903,21.409255,25,2440
2019-11-02T13:08:07.000Z,115.547067,21.409615,25,2380
2019-11-02T13:08:14.000Z,115.547238,21.409972,25,2380
2019-11-02T13:08:19.000Z,115.5474,21.410335,25,2360
2019-11-02T13:08:26.000Z,115.547565,21.410693,25,2310
2019-11-02T13:08:39.000Z,115.547927,21.41147,25,2340
2019-11-02T13:09:14.000Z,115.548973,21.413602,25,2470
2019-11-02T13:09:38.000Z,115.54968999999998,21.415012,25,2560
2019-11-02T13:09:50.000Z,115.55004,21.415648,25,2690
2019-11-02T13:09:56.000Z,115.550225,21.416002,25,2640
2019-11-02T13:10:01.000Z,115.550413,21.41635,25,2640
2019-11-02T13:10:26.000Z,115.551207,21.4178,25,2660
2019-11-02T13:10:39.000Z,115.551585,21.418495,25,2670
2019-11-02T13:10:50.000Z,115.55195,21.419195,25,2620
2019-11-02T13:10:56.000Z,115.552128,21.419548,25,2580
2019-11-02T13:11:21.000Z,115.552828,21.420962,25,2470
2019-11-02T13:11:50.000Z,115.553658,21.422675,25,2430
2019-11-02T13:12:38.000Z,115.555043,21.425575,25,2440
2019-11-02T13:13:01.000Z,115.555745,21.426913,25,2610
2019-11-02T13:13:07.000Z,115.555932,21.427263,25,2640
2019-11-02T13:13:21.000Z,115.55633,21.428025,25,2630
2019-11-02T13:13:26.000Z,115.556485,21.428315,25,2630
2019-11-02T13:13:32.000Z,115.556668,21.428667,25,2610
2019-11-02T13:13:43.000Z,115.557058,21.429433,25,2580
2019-11-02T13:14:01.000Z,115.55756,21.430438,25,2520
2019-11-02T13:14:08.000Z,115.557765,21.430852,25,2510
2019-11-02T13:14:20.000Z,115.558112,21.431568,25,2450
2019-11-02T13:14:26.000Z,115.558287,21.431922,25,2470
2019-11-02T13:14:43.000Z,115.558782,21.432922,25,2490
2019-11-02T13:14:50.000Z,115.558955,21.433278,25,2470
2019-11-02T13:15:08.000Z,115.559503,21.434333,25,2570
2019-11-02T13:15:20.000Z,115.55989,21.435095,25,2540
2019-11-02T13:15:26.000Z,115.56007,21.435447,25,2560
2019-11-02T13:15:32.000Z,115.560252,21.435798,25,2550
2019-11-02T13:15:50.000Z,115.560798,21.436857,25,2540
2019-11-02T13:16:02.000Z,115.561138,21.437497,25,2600
2019-11-02T13:16:20.000Z,115.56172,21.438603,25,2630
2019-11-02T13:16:26.000Z,115.561902,21.438957,25,2610
2019-11-02T13:16:32.000Z,115.562087,21.439305,25,2600
2019-11-02T13:16:37.000Z,115.562245,21.439595,25,2650
2019-11-02T13:17:44.000Z,115.564302,21.44349,25,2590
2019-11-02T13:18:08.000Z,115.564985,21.444838,25,2510
2019-11-02T13:18:26.000Z,115.565518,21.445898,25,2490
2019-11-02T13:18:39.000Z,115.565908,21.446663,25,2530
2019-11-02T13:18:50.000Z,115.566268,21.447368,25,2510
2019-11-02T13:19:26.000Z,115.567353,21.449483,25,2580
2019-11-02T13:19:38.000Z,115.567732,21.450173,25,2660
2019-11-02T13:19:50.000Z,115.568092,21.450802,25,2770
2019-11-02T13:19:55.000Z,115.568287,21.451147,25,2780
2019-11-02T13:20:14.000Z,115.568883,21.452167000000006,25,2850
2019-11-02T13:20:20.000Z,115.569075,21.452512,25,2800
2019-11-02T13:20:26.000Z,115.569278,21.452853,25,2860
2019-11-02T13:20:32.000Z,115.569515,21.453245000000006,25,2910
2019-11-02T13:20:45.000Z,115.569717,21.453582,25,2900
2019-11-02T13:20:50.000Z,115.570083,21.454197,25,2900
2019-11-02T13:20:56.000Z,115.570295,21.454527,25,2990
2019-11-02T13:21:08.000Z,115.570758,21.455243,25,3080
2019-11-02T13:21:15.000Z,115.570975,21.45557,25,3110
2019-11-02T13:21:21.000Z,115.571183,21.455905,25,3090
2019-11-02T13:21:26.000Z,115.57136,21.456183,25,3070
2019-11-02T13:21:32.000Z,115.571575,21.45651,25,3120
2019-11-02T13:21:38.000Z,115.571823,21.456898,25,3100
2019-11-02T13:21:43.000Z,115.572003,21.457172,25,3110
2019-11-02T13:21:50.000Z,115.572217,21.457502,25,3130
2019-11-02T13:22:01.000Z,115.572645,21.458162,25,3120
2019-11-02T13:22:14.000Z,115.573115,21.458873,25,3160
2019-11-02T13:22:20.000Z,115.573333,21.4592,25,3170
2019-11-02T13:22:26.000Z,115.57356,21.459523,25,3230
2019-11-02T13:22:32.000Z,115.573777,21.459853,25,3220
2019-11-02T13:22:39.000Z,115.573997,21.460182,25,3210
2019-11-02T13:22:49.000Z,115.574395,21.460783,25,3190
2019-11-02T13:23:02.000Z,115.574825,21.461443,25,3140
2019-11-02T13:23:08.000Z,115.575073,21.461827,25,3130
2019-11-02T13:23:19.000Z,115.575452,21.46244,25,3050
2019-11-02T13:23:26.000Z,115.575667,21.462772,25,3080
2019-11-02T13:23:32.000Z,115.575877,21.463108,25,3060
2019-11-02T13:23:39.000Z,115.57613,21.463495,25,3100
2019-11-02T13:23:43.000Z,115.576315,21.463768,25,3140
2019-11-02T13:25:27.000Z,115.580478,21.469272,25,3820
2019-11-02T13:26:28.000Z,115.583022,21.472372,25,3730
2019-11-02T13:26:34.000Z,115.583272,21.472683,25,3710
2019-11-02T13:26:39.000Z,115.583522,21.472997,25,3710
2019-11-02T13:27:04.000Z,115.584528,21.474232,25,3720
2019-11-02T13:27:27.000Z,115.58552,21.475472,25,3680
2019-11-02T13:30:10.000Z,115.592128,21.483857,25,3770
2019-11-02T13:30:22.000Z,115.592647,21.484465,25,3830
2019-11-02T13:31:04.000Z,115.594472,21.486668,25,3770
2019-11-02T13:31:10.000Z,115.594722,21.48698,25,3730
2019-11-02T13:32:56.000Z,115.59902,21.492523,25,3560
2019-11-02T13:33:02.000Z,115.599257,21.492838,25,3520
2019-11-02T13:33:44.000Z,115.600975,21.495022,25,3650
2019-11-02T13:33:51.000Z,115.601188,21.495278,25,3700
2019-11-02T13:33:56.000Z,115.601438,21.49559,25,3700
2019-11-02T13:34:02.000Z,115.601732,21.495953,25,3690
2019-11-02T13:34:08.000Z,115.60199,21.496258,25,3760
2019-11-02T13:34:32.000Z,115.603008,21.497502,25,3730
2019-11-02T13:34:50.000Z,115.603768,21.498435,25,3700
2019-11-02T13:34:56.000Z,115.60402,21.498745,25,3710
2019-11-02T13:36:26.000Z,115.607705,21.503457,25,3610
2019-11-02T13:36:32.000Z,115.607952,21.503768,25,3630
2019-11-02T13:36:37.000Z,115.608207,21.504075,25,3700
2019-11-02T13:36:50.000Z,115.608727,21.504685,25,3840
2019-11-02T13:36:56.000Z,115.608952,21.504928,25,3930
2019-11-02T13:37:20.000Z,115.610087,21.506075,25,4330
2019-11-02T13:37:26.000Z,115.610435,21.506392,25,4450
2019-11-02T13:37:32.000Z,115.610788,21.506698,25,4600
2019-11-02T13:37:45.000Z,115.611353,21.507173,25,4720
2019-11-02T13:37:56.000Z,115.611975,21.507692,25,4800
2019-11-02T13:38:02.000Z,115.612288,21.50795,25,4810
2019-11-02T13:38:20.000Z,115.613227,21.508717,25,4870
2019-11-02T13:38:50.000Z,115.61475,21.509945,25,4930
2019-11-02T13:38:56.000Z,115.61507,21.510193,25,4980
2019-11-02T13:39:33.000Z,115.61704,21.511728,25,4980
2019-11-02T13:39:50.000Z,115.61797,21.512492,25,4880
2019-11-02T13:39:57.000Z,115.61828,21.51275,25,4860
2019-11-02T13:40:20.000Z,115.619445,21.513743,25,4750
2019-11-02T13:40:39.000Z,115.620415,21.51456,25,4790
2019-11-02T13:40:50.000Z,115.621027,21.515075,25,4800
2019-11-02T13:40:57.000Z,115.621387,21.515375,25,4810
2019-11-02T13:41:26.000Z,115.622868,21.516625,25,4810
2019-11-02T13:41:32.000Z,115.623173,21.516885,25,4790
2019-11-02T13:41:45.000Z,115.62378,21.517403,25,4750
2019-11-02T13:46:48.000Z,115.6393,21.530353,25,4710
2019-11-02T13:47:08.000Z,115.640307,21.531215,25,4760
2019-11-02T13:47:48.000Z,115.642325,21.532925,25,4780
2019-11-02T13:48:09.000Z,115.643327,21.533785,25,4750
2019-11-02T13:48:39.000Z,115.644832,21.535073,25,4750
2019-11-02T13:48:49.000Z,115.645333,21.535507,25,4740
2019-11-02T13:49:09.000Z,115.64634,21.536365,25,4750
2019-11-02T13:49:19.000Z,115.646952,21.536872,25,4810
2019-11-02T13:50:29.000Z,115.650385,21.539768,25,4820
2019-11-02T13:50:48.000Z,115.651408,21.540603,25,4870
2019-11-02T13:51:48.000Z,115.654482,21.543098,25,4880
2019-11-02T13:52:10.000Z,115.65554,21.543985,25,4820
2019-11-02T13:52:18.000Z,115.655992,21.544372,25,4770
2019-11-02T13:52:48.000Z,115.65748700000002,21.545652,25,4710
2019-11-02T13:53:48.000Z,115.66041,21.548215,24,4640
2019-11-02T13:54:38.000Z,115.662903,21.550325,25,4860
2019-11-02T13:55:29.000Z,115.665467,21.552395,25,4930
2019-11-02T13:55:41.000Z,115.66603700000002,21.552847,25,4940
2019-11-02T13:55:49.000Z,115.666497,21.553222,25,4910
2019-11-02T13:56:09.000Z,115.667552,21.55411,25,4770
2019-11-02T13:57:09.000Z,115.670568,21.556663,25,4790
2019-11-02T13:57:28.000Z,115.671528,21.557468,25,4790
2019-11-02T13:57:39.000Z,115.672082,21.557922,25,4820
2019-11-02T13:59:39.000Z,115.678165,21.562922,25,4790
2019-11-02T14:00:48.000Z,115.681657,21.565823,25,4820
2019-11-02T14:00:58.000Z,115.68211200000002,21.566203,25,4830
2019-11-02T14:01:08.000Z,115.682663,21.566667,25,4800
2019-11-02T14:01:29.000Z,115.683703,21.567565,25,4720
2019-11-02T14:01:58.000Z,115.685087,21.568767,25,4720
2019-11-02T14:02:18.000Z,115.686127,21.569662,25,4740
2019-11-02T14:02:29.000Z,115.686622,21.570092,25,4730
2019-11-02T14:02:48.000Z,115.68767,21.57098,25,4790
2019-11-02T14:03:18.000Z,115.689128,21.5722,25,4820
2019-11-02T14:03:29.000Z,115.689685,21.572662,25,4840
2019-11-02T14:04:18.000Z,115.692127,21.574725,25,4710
2019-11-02T14:04:29.000Z,115.692662,21.575197,24,4700
2019-11-02T14:05:30.000Z,115.695593,21.577772,25,4640
2019-11-02T14:06:18.000Z,115.698012,21.579865,25,4710
2019-11-02T14:06:48.000Z,115.699477,21.581158,25,4640
2019-11-02T14:14:29.000Z,115.722005,21.600925,25,4610
2019-11-02T14:15:09.000Z,115.724042,21.60272,25,4640
2019-11-02T14:15:29.000Z,115.724968,21.603562,25,4610
2019-11-02T14:16:09.000Z,115.72691299999998,21.605322,25,4580
2019-11-02T14:16:29.000Z,115.727943,21.606237,25,4610
2019-11-02T14:16:40.000Z,115.728475,21.606717,25,4600
2019-11-02T14:16:58.000Z,115.729347,21.60751,25,4590
2019-11-02T14:17:09.000Z,115.729883,21.607993,25,4610
2019-11-02T14:17:19.000Z,115.73032,21.608388,25,4620
2019-11-02T14:17:40.000Z,115.73134,21.609323,25,4550
2019-11-02T14:18:19.000Z,115.733292,21.611103,25,4610
2019-11-02T14:18:28.000Z,115.73373,21.611502,25,4600
2019-11-02T14:19:19.000Z,115.736197,21.61373,25,4600
2019-11-02T14:19:58.000Z,115.73816200000002,21.615515,25,4590
2019-11-02T14:20:09.000Z,115.738705,21.616008,25,4590
2019-11-02T14:20:19.000Z,115.73915,21.616408,25,4590
2019-11-02T14:21:09.000Z,115.741647,21.6187,25,4530
2019-11-02T14:24:28.000Z,115.751312,21.6275,25,4600
2019-11-02T14:24:58.000Z,115.752843,21.628865,25,4600
2019-11-02T14:26:19.000Z,115.756822,21.632447,25,4580
2019-11-02T14:26:38.000Z,115.757795,21.633333,25,4560
2019-11-02T14:27:49.000Z,115.761143,21.636383,25,4570
2019-11-02T14:30:59.000Z,115.770393,21.644788,25,4590
2019-11-02T14:31:48.000Z,115.772828,21.646992,25,4630
2019-11-02T14:32:08.000Z,115.773818,21.64787,25,4630
2019-11-02T14:32:18.000Z,115.774312,21.64831,25,4600
2019-11-02T14:32:40.000Z,115.775333,21.649245,25,4560
2019-11-02T14:32:59.000Z,115.77625,21.65009,25,4570
2019-11-02T14:33:08.000Z,115.77673500000002,21.650538,25,4560
2019-11-02T14:33:30.000Z,115.77775,21.651465,25,4560
2019-11-02T14:33:49.000Z,115.778667,21.652303,25,4580
2019-11-02T14:34:08.000Z,115.779635,21.65319,25,4600
2019-11-02T14:35:08.000Z,115.782547,21.655852,25,4630
2019-11-02T14:35:29.000Z,115.78357,21.656778,25,4590
2019-11-02T14:41:39.000Z,115.801592,21.673112,25,4600
2019-11-02T14:45:00.000Z,115.81134,21.681965,25,4560
2019-11-02T14:47:09.000Z,115.817633,21.687618,25,4600
2019-11-02T14:47:39.000Z,115.819048,21.688902,25,4550
2019-11-02T14:47:49.000Z,115.819537,21.689343,25,4560
2019-11-02T14:48:09.000Z,115.820567,21.69027,25,4580
2019-11-02T14:48:18.000Z,115.821007,21.690673,25,4560
2019-11-02T14:48:38.000Z,115.822023,21.691612,25,4530
2019-11-02T14:48:48.000Z,115.82246200000002,21.692005,25,4570
2019-11-02T14:49:09.000Z,115.823498,21.69294,25,4600
2019-11-02T14:49:28.000Z,115.824443,21.693768,25,4680
2019-11-02T14:49:48.000Z,115.825392,21.694588,25,4700
2019-11-02T14:50:11.000Z,115.826528,21.695608,25,4560
2019-11-02T14:50:19.000Z,115.826968,21.69601,25,4540
2019-11-02T14:50:29.000Z,115.827398,21.696413,25,4510
2019-11-02T14:50:39.000Z,115.827885,21.696862,25,4490
2019-11-02T14:50:48.000Z,115.828373,21.697307,25,4530
2019-11-02T14:50:57.000Z,115.82881299999998,21.697707,25,4520
2019-11-02T14:51:19.000Z,115.829857,21.698642,25,4570
2019-11-02T14:51:28.000Z,115.830347,21.699092,25,4540
2019-11-02T14:51:48.000Z,115.831342,21.699973,25,4630
2019-11-02T14:51:58.000Z,115.831845,21.700417,25,4640
2019-11-02T14:52:18.000Z,115.832838,21.701297,25,4600
2019-11-02T14:52:28.000Z,115.83333,21.701742000000007,25,4590
2019-11-02T14:52:38.000Z,115.833823,21.702182,25,4620
2019-11-02T14:52:48.000Z,115.834268,21.702582,25,4620
2019-11-02T14:53:08.000Z,115.835262,21.703463,25,4620
2019-11-02T14:53:18.000Z,115.83581,21.703938,25,4680
2019-11-02T14:53:28.000Z,115.836298,21.704378,25,4640
2019-11-02T14:53:38.000Z,115.836828,21.704872,25,4550
2019-11-02T14:54:08.000Z,115.838255,21.70614,25,4610
2019-11-02T14:54:49.000Z,115.840205,21.707907,25,4590
2019-11-02T14:55:08.000Z,115.841183,21.708785,25,4590
2019-11-02T14:55:19.000Z,115.841723,21.709268,25,4580
2019-11-02T14:55:40.000Z,115.842708,21.710155,25,4530
2019-11-02T14:55:49.000Z,115.843207,21.710585,25,4580
2019-11-02T14:56:08.000Z,115.844095,21.711368,25,4590
2019-11-02T14:56:18.000Z,115.844602,21.711793,25,4640
2019-11-02T14:56:49.000Z,115.846182,21.713198,25,4550
2019-11-02T14:57:08.000Z,115.847112,21.714037,25,4540
2019-11-02T14:57:18.000Z,115.847595,21.714482,25,4520
2019-11-02T14:58:08.000Z,115.850045,21.71669,25,4580
2019-11-02T14:58:18.000Z,115.850492,21.71708,25,4620
2019-11-02T14:58:30.000Z,115.851135,21.717645,25,4650
2019-11-02T14:58:40.000Z,115.851637,21.718075,25,4670
2019-11-02T14:59:30.000Z,115.854043,21.72022,25,4600
2019-11-02T14:59:49.000Z,115.85497,21.721052,25,4550
2019-11-02T15:01:09.000Z,115.85895,21.724588,25,4690
2019-11-02T15:01:18.000Z,115.859358,21.724928,25,4750
2019-11-02T15:01:38.000Z,115.860405,21.725837,25,4690
2019-11-02T15:02:18.000Z,115.862362,21.72758,24,4560
2019-11-02T15:05:29.000Z,115.87171,21.735932,25,4660
2019-11-02T15:05:39.000Z,115.872102,21.736287,25,4640
2019-11-02T15:05:59.000Z,115.873145,21.737192,25,4680
2019-11-02T15:06:08.000Z,115.873593,21.737582,25,4680
2019-11-02T15:06:38.000Z,115.875028,21.738827,25,4700
2019-11-02T15:06:49.000Z,115.875565,21.739307,25,4640
2019-11-02T15:06:59.000Z,115.876098,21.739782,25,4630
2019-11-02T15:07:08.000Z,115.87653799999998,21.740170000000006,24,4650
2019-11-02T15:07:18.000Z,115.877023,21.740612,25,4620
2019-11-02T15:10:09.000Z,115.885317,21.747957,25,4640
2019-11-02T15:10:18.000Z,115.885857,21.74844,25,4620
2019-11-02T15:17:38.000Z,115.907603,21.767782,25,4660
2019-11-02T15:22:18.000Z,115.921352,21.780058,25,4590
2019-11-02T15:22:57.000Z,115.923295,21.781727,25,4680
2019-11-02T15:23:29.000Z,115.924753,21.783058,25,4570
2019-11-02T15:24:19.000Z,115.927307,21.785263,25,4730
2019-11-02T15:26:19.000Z,115.933265,21.790453,25,4550
2019-11-02T15:26:28.000Z,115.933705,21.790852,25,4560
2019-11-02T15:28:00.000Z,115.938292,21.794765,25,4770
2019-11-02T15:29:48.000Z,115.943655,21.799627,25,4670
2019-11-02T15:42:27.000Z,115.979473,21.835022,25,4190
2019-11-02T15:42:37.000Z,115.9799,21.835448,25,4210
2019-11-02T15:43:19.000Z,115.98184,21.837453,25,4220
2019-11-02T15:44:19.000Z,115.984653,21.840303,25,4220
2019-11-02T15:44:25.000Z,115.98493700000002,21.840585,25,4270
2019-11-02T15:44:31.000Z,115.98521,21.840877,25,4210
2019-11-02T15:44:44.000Z,115.985775,21.841445,25,4250
2019-11-02T15:45:31.000Z,115.98798700000002,21.843672,25,4260
2019-11-02T15:45:49.000Z,115.988882,21.844577,25,4240
2019-11-02T15:45:53.000Z,115.98907,21.844767,25,4250
2019-11-02T15:46:01.000Z,115.989448,21.845148,25,4250
2019-11-02T15:46:09.000Z,115.989825,21.845528,25,4260
2019-11-02T15:46:19.000Z,115.990295,21.846005,25,4260
2019-11-02T15:46:31.000Z,115.990865,21.846573,25,4270
2019-11-02T15:47:15.000Z,115.992923,21.84868,25,4250
2019-11-02T15:47:39.000Z,115.994055,21.849825,25,4290
2019-11-02T15:47:45.000Z,115.994345,21.850112,25,4320
2019-11-02T15:47:57.000Z,115.99491299999998,21.850687,25,4280
2019-11-02T15:48:09.000Z,115.995467,21.85127,25,4180
2019-11-02T15:48:15.000Z,115.995695,21.851513,25,4140
2019-11-02T15:48:27.000Z,115.996255,21.852083,25,4160
2019-11-02T15:48:34.000Z,115.996588,21.852413,25,4220
2019-11-02T15:48:39.000Z,115.99682,21.852648,25,4210
2019-11-02T15:49:39.000Z,115.999677,21.85556,25,4210
2019-11-02T15:49:51.000Z,116.00023799999998,21.856132,25,4200
2019-11-02T15:49:57.000Z,116.00052,21.856415,25,4220
2019-11-02T15:50:03.000Z,116.000748,21.856657,25,4190
2019-11-02T15:50:09.000Z,116.001077,21.856987,25,4220
2019-11-02T15:50:15.000Z,116.00131,21.857222,25,4250
2019-11-02T15:50:20.000Z,116.001593,21.857505,25,4280
2019-11-02T15:50:51.000Z,116.003053,21.858970000000006,25,4270
2019-11-02T15:51:03.000Z,116.00361200000002,21.85954,25,4230
2019-11-02T15:51:09.000Z,116.0039,21.859822,25,4270
2019-11-02T15:51:15.000Z,116.004137,21.86006,25,4250
2019-11-02T15:51:20.000Z,116.00442,21.860342000000006,25,4280
2019-11-02T15:51:57.000Z,116.006133,21.8621,25,4180
2019-11-02T15:52:03.000Z,116.00636000000002,21.862337,25,4170
2019-11-02T15:52:09.000Z,116.006683,21.862672,25,4180
2019-11-02T15:52:15.000Z,116.006912,21.862917000000003,25,4150
2019-11-02T15:52:33.000Z,116.007782,21.863825,25,4140
2019-11-02T15:53:03.000Z,116.009212,21.865225,25,4400
2019-11-02T15:53:15.000Z,116.009753,21.86572,25,4520
2019-11-02T15:53:33.000Z,116.01068,21.86658,25,4500
2019-11-02T15:54:05.000Z,116.012295,21.868003,25,4680
2019-11-02T15:54:26.000Z,116.013345,21.868948,25,4590
2019-11-02T15:55:15.000Z,116.01568799999998,21.87113,25,4410
2019-11-02T15:55:18.000Z,116.015878,21.871312,25,4420
2019-11-02T15:55:48.000Z,116.017347,21.872652,25,4550
2019-11-02T15:56:18.000Z,116.01883,21.873997,25,4570
2019-11-02T15:56:42.000Z,116.020023,21.87507,25,4590
2019-11-02T15:56:54.000Z,116.020623,21.875605,25,4620
2019-11-02T15:57:00.000Z,116.02092,21.875873,25,4600
2019-11-02T15:57:07.000Z,116.021222,21.876143,25,4610
2019-11-02T15:57:31.000Z,116.022453,21.877273,25,4580
2019-11-02T15:57:36.000Z,116.022705,21.877498000000006,25,4570
2019-11-02T15:59:56.000Z,116.029607,21.883858,25,4510
2019-11-02T16:00:00.000Z,116.029808,21.884037,25,4540
2019-11-02T16:00:20.000Z,116.030802,21.884958,25,4480
2019-11-02T16:01:38.000Z,116.034662,21.888532,25,4500
2019-11-02T16:19:53.000Z,116.08884,21.937447,25,4610
2019-11-02T16:20:36.000Z,116.090943,21.939353,25,4590
2019-11-02T16:20:42.000Z,116.091187,21.939577,25,4570
2019-11-02T16:20:54.000Z,116.091735,21.94006,25,4610
2019-11-02T16:20:59.000Z,116.092135,21.94041,25,4640
2019-11-02T16:21:05.000Z,116.092392,21.940625,25,4680
2019-11-02T16:25:38.000Z,116.105915,21.952657,25,4620
2019-11-02T19:17:07.000Z,116.667683,22.369015,26,5220
2019-11-02T19:20:20.000Z,116.678395,22.376792,25,5190
2019-11-02T19:21:31.000Z,116.684,22.3809,26,5250
2019-11-02T19:31:43.000Z,116.715722,22.404712,26,5110
2019-11-02T19:32:36.000Z,116.7202,22.4081,26,5090
2019-11-02T19:34:13.000Z,116.723877,22.410878,26,5060
2019-11-02T19:35:44.000Z,116.728877,22.414642,26,5070
2019-11-02T19:36:43.000Z,116.732158,22.417127,26,5110
2019-11-02T19:41:01.000Z,116.746172,22.427782,26,5030
2019-11-02T19:43:49.000Z,116.757,22.4361,26,5090
2019-11-02T19:56:24.000Z,116.8001,22.4656,26,6320
2019-11-02T20:08:20.000Z,116.8436,22.4877,26,5200
2019-11-02T20:20:31.000Z,116.8839,22.5178,26,5150
2019-11-02T20:31:07.000Z,116.919,22.5438,26,5180
2019-11-02T20:42:43.000Z,116.9569,22.5724,25,4980
2019-11-02T20:53:19.000Z,116.9925,22.5969,25,5570
2019-11-02T21:03:55.000Z,117.0284,22.6203,25,5130
2019-11-02T21:15:55.000Z,117.0675,22.6488,25,5180
2019-11-02T21:27:45.000Z,117.1061,22.6769,25,5170
2019-11-02T21:38:34.000Z,117.1412,22.7024,25,5290
2019-11-02T21:49:35.000Z,117.1691,22.7341,24,4580
2019-11-02T22:00:15.000Z,117.2001,22.7624,24,4530
2019-11-02T22:11:25.000Z,117.2323,22.792,24,4550
2019-11-02T22:23:35.000Z,117.2671,22.8242,24,4500
2019-11-02T22:36:25.000Z,117.3055,22.8563,24,5070
2019-11-02T22:48:04.000Z,117.3417,22.8839,24,4900
2019-11-02T22:59:15.000Z,117.3752,22.9115,24,4830
2019-11-02T23:10:35.000Z,117.4095,22.9394,24,4840
2019-11-02T23:21:24.000Z,117.4414,22.9664,24,3680
2019-11-02T23:32:45.000Z,117.4666,23.0011,24,3330
2019-11-02T23:41:38.000Z,117.485227,23.027392000000006,24,3740
2019-11-02T23:44:34.000Z,117.4946,23.0363,24,4590
2019-11-02T23:57:15.000Z,117.5334,23.0668,24,5410
2019-11-03T00:09:04.000Z,117.5761,23.0859,24,7420
2019-11-03T00:19:35.000Z,117.6169,23.097,24,7420
2019-11-03T00:32:04.000Z,117.6635,23.114,24,6790
2019-11-03T00:41:56.000Z,117.695975,23.131217000000003,24,4750
2019-11-03T00:43:43.000Z,117.7029,23.1371,24,4800
2019-11-03T00:54:43.000Z,117.7361,23.1653,25,4710
2019-11-03T01:07:14.000Z,117.7757,23.1958,25,511
2019-11-03T01:11:16.000Z,117.786768,23.204655,25,4630
2019-11-03T01:18:34.000Z,117.8101,23.2256,25,4000
2019-11-03T01:22:03.000Z,117.817685,23.23457,25,3810
2019-11-03T01:24:27.000Z,117.82398,23.24197,25,3830
2019-11-03T01:24:52.000Z,117.825,23.243202,25,3750
2019-11-03T01:28:16.000Z,117.83371,23.253733,26,3770
2019-11-03T01:28:40.000Z,117.83474,23.254975,26,3740
2019-11-03T01:29:41.000Z,117.837373,23.258103,25,3780
2019-11-03T01:32:28.000Z,117.844605,23.266865,26,3710
2019-11-03T01:34:29.000Z,117.849763,23.2731,26,3740
2019-11-03T01:34:41.000Z,117.85028,23.273725,26,3750
2019-11-03T01:35:05.000Z,117.851298,23.274975,25,3710
2019-11-03T01:35:16.000Z,117.851767,23.275547,25,3680
2019-11-03T01:35:40.000Z,117.852798,23.276793,26,3720
2019-11-03T01:36:04.000Z,117.853867,23.278105,26,3690
2019-11-03T01:40:28.000Z,117.865255,23.29183,26,3750
2019-11-03T01:43:05.000Z,117.871727,23.300242,26,3410
2019-11-03T01:44:04.000Z,117.874107,23.303432,26,3480
2019-11-03T01:44:16.000Z,117.874638,23.304145,26,3450
2019-11-03T01:45:05.000Z,117.87658799999998,23.306765,26,3420
2019-11-03T01:46:16.000Z,117.879508,23.310693,26,3480
2019-11-03T01:48:40.000Z,117.885288,23.318502,26,3380
2019-11-03T01:49:04.000Z,117.886273,23.319818,26,3460
2019-11-03T01:49:16.000Z,117.886808,23.320528,26,3480
2019-11-03T01:49:28.000Z,117.887292,23.321193,26,3440
2019-11-03T01:49:39.000Z,117.887733,23.321803,26,3400
2019-11-03T01:50:04.000Z,117.888705,23.323125,26,3400
2019-11-03T01:50:16.000Z,117.889197,23.323777,26,3460
2019-11-03T01:50:28.000Z,117.889678,23.32444,26,3430
2019-11-03T01:50:40.000Z,117.890148,23.325102,26,3350
2019-11-03T01:53:52.000Z,117.897903,23.335627,26,3470
2019-11-03T01:54:15.000Z,117.898885,23.336932,26,3420
2019-11-03T01:54:52.000Z,117.900327,23.338895,26,3490
2019-11-03T01:56:03.000Z,117.903492,23.342672,26,3910
2019-11-03T01:56:15.000Z,117.904033,23.343292,26,3880
2019-11-03T01:56:27.000Z,117.904572,23.343908,26,3860
2019-11-03T01:56:40.000Z,117.90511200000002,23.344523,26,3900
2019-11-03T01:56:52.000Z,117.905652,23.345135,26,3900
2019-11-03T01:57:04.000Z,117.906197,23.345743,26,3910
2019-11-03T01:57:15.000Z,117.906687,23.346305,26,3890
2019-11-03T01:57:40.000Z,117.907863,23.34764,26,3900
2019-11-03T01:58:03.000Z,117.908923,23.348827,26,3950
2019-11-03T01:58:16.000Z,117.909473,23.349445000000006,26,3950
2019-11-03T01:58:40.000Z,117.91054,23.350683,26,3860
2019-11-03T01:59:05.000Z,117.91162,23.351912,26,3910
2019-11-03T01:59:16.000Z,117.912163,23.35253,26,3910
2019-11-03T01:59:28.000Z,117.912748,23.353195,26,3890
2019-11-03T02:01:28.000Z,117.91813700000002,23.359295,26,3980
2019-11-03T02:01:41.000Z,117.918682,23.359907,26,3940
2019-11-03T02:01:52.000Z,117.919182,23.360465,26,3920
2019-11-03T02:02:04.000Z,117.919728,23.361077,26,3950
2019-11-03T02:03:04.000Z,117.922517,23.364223000000006,26,3940
2019-11-03T02:05:04.000Z,117.927945,23.370403,26,3930
2019-11-03T02:05:28.000Z,117.92904,23.371653,26,3920
2019-11-03T02:05:40.000Z,117.929595,23.372283,26,3910
2019-11-03T02:06:04.000Z,117.930757,23.37359,26,3920
2019-11-03T02:06:27.000Z,117.931823,23.374782,26,3950
2019-11-03T02:07:04.000Z,117.933482,23.37665,26,3920
2019-11-03T02:07:16.000Z,117.934028,23.377268,26,3930
2019-11-03T02:07:51.000Z,117.935677,23.37912,26,3940
2019-11-03T02:08:04.000Z,117.936277,23.379783,26,3990
2019-11-03T02:08:40.000Z,117.937863,23.381575,26,3900
2019-11-03T02:09:15.000Z,117.939467,23.383388,26,3880
2019-11-03T02:09:40.000Z,117.94064,23.384747,26,3870
2019-11-03T02:09:51.000Z,117.941143,23.385317,26,3910
2019-11-03T02:11:15.000Z,117.944993,23.389667000000006,26,3920
2019-11-03T02:11:52.000Z,117.946657,23.39154,26,3910
2019-11-03T02:12:27.000Z,117.948267,23.393355,26,3940
2019-11-03T02:14:04.000Z,117.952718,23.398395,26,3920
2019-11-03T02:14:15.000Z,117.953227,23.398973,26,3920
2019-11-03T02:19:15.000Z,117.96654,23.414933,26,3440
2019-11-03T02:19:28.000Z,117.967095,23.415655,26,3430
2019-11-03T02:20:28.000Z,117.969623,23.418952,26,3580
2019-11-03T02:20:40.000Z,117.970143,23.419613,27,3590
2019-11-03T02:22:16.000Z,117.974215,23.424907,27,3500
2019-11-03T02:24:04.000Z,117.978837,23.430902,27,3560
2019-11-03T02:24:40.000Z,117.980435,23.432957,27,3570
2019-11-03T02:26:40.000Z,117.98561200000002,23.439652,27,3510
2019-11-03T02:29:28.000Z,117.992758,23.448985,27,3470
2019-11-03T02:29:52.000Z,117.993802,23.450382,27,3480
2019-11-03T02:30:39.000Z,117.9971,23.4547,27,3470
2019-11-03T02:31:28.000Z,117.997865,23.455722,27,3520
2019-11-03T02:32:04.000Z,117.999347,23.457658,26,3530
2019-11-03T02:32:28.000Z,118.000372,23.45898,26,3540
2019-11-03T02:33:04.000Z,118.001937,23.461027,27,3480
2019-11-03T02:33:40.000Z,118.003435,23.462953,27,3550
2019-11-03T02:33:52.000Z,118.003938,23.463625,27,3500
2019-11-03T02:34:16.000Z,118.004947,23.464962,27,3440
2019-11-03T02:34:27.000Z,118.005432,23.465573000000006,27,3490
2019-11-03T02:37:40.000Z,118.013685,23.476305,27,3580
2019-11-03T02:38:27.000Z,118.01577,23.478985,27,3560
2019-11-03T02:38:41.000Z,118.01634,23.479713,27,3560
2019-11-03T02:39:04.000Z,118.017328,23.480992,27,3570
2019-11-03T02:40:15.000Z,118.020397,23.48502,27,3520
2019-11-03T02:40:41.000Z,118.021475,23.486412,27,3540
2019-11-03T02:42:51.000Z,118.0284,23.4954,27,3500
2019-11-03T02:43:40.000Z,118.02924,23.49648,27,3510
2019-11-03T02:45:04.000Z,118.032857,23.501175,27,3500
2019-11-03T02:45:15.000Z,118.033323,23.501785,27,3530
2019-11-03T02:46:04.000Z,118.035377,23.504482,27,3490
2019-11-03T02:49:04.000Z,118.043135,23.514552,27,3520
2019-11-03T02:49:52.000Z,118.04524,23.517303,27,3490
2019-11-03T02:51:04.000Z,118.048252,23.521292000000006,27,3510
2019-11-03T02:52:28.000Z,118.05186299999998,23.526007,27,3550
2019-11-03T02:54:40.000Z,118.057598,23.53345,27,3550
2019-11-03T02:58:03.000Z,118.066427,23.54494,27,3550
2019-11-03T02:58:16.000Z,118.06704,23.545727,27,3580
2019-11-03T02:58:52.000Z,118.068568,23.547697,27,3550
2019-11-03T02:59:28.000Z,118.070138,23.549738,27,3540
2019-11-03T02:59:51.000Z,118.071172,23.551018,27,3570
2019-11-03T03:00:03.000Z,118.071745,23.551755,27,3540
2019-11-03T03:00:41.000Z,118.073357,23.553855,27,3510
2019-11-03T03:00:52.000Z,118.073843,23.554473,27,3560
2019-11-03T03:01:51.000Z,118.076477,23.557888,27,3560
2019-11-03T03:02:52.000Z,118.079105,23.561297,27,3520
2019-11-03T03:03:40.000Z,118.081218,23.564077,27,3490
2019-11-03T03:04:05.000Z,118.082277,23.565425,27,3540
2019-11-03T03:07:39.000Z,118.093,23.5793,27,3510
2019-11-03T03:13:39.000Z,118.107648,23.598148,27,3520
2019-11-03T03:14:39.000Z,118.11025,23.601488,27,3510
2019-11-03T03:14:52.000Z,118.110823,23.602228,27,3530
2019-11-03T03:15:52.000Z,118.113505,23.605625,27,3650
2019-11-03T03:18:51.000Z,118.121533,23.615845,27,3560
2019-11-03T03:19:16.000Z,118.12259,23.61722,27,3540
2019-11-03T03:20:52.000Z,118.126843,23.622672,27,3550
2019-11-03T03:21:52.000Z,118.12953799999998,23.626143,27,3510
2019-11-03T03:25:14.000Z,118.138937,23.638048,27,3630
2019-11-03T03:27:41.000Z,118.14512,23.64587,27,3570
2019-11-03T03:29:03.000Z,118.1502,23.6523,27,3570
2019-11-03T03:33:27.000Z,118.160703,23.665587,28,3600
2019-11-03T03:33:40.000Z,118.16134,23.666388,28,3600
2019-11-03T03:39:17.000Z,118.176415,23.685525,27,3570
2019-11-03T03:40:28.000Z,118.17967,23.68958,27,3670
2019-11-03T03:41:05.000Z,118.181298,23.691617,27,3640
2019-11-03T03:41:16.000Z,118.181798,23.692235,27,3650
2019-11-03T03:41:39.000Z,118.182842,23.693538,27,3630
2019-11-03T03:43:16.000Z,118.187263,23.69902,27,3660
2019-11-03T03:48:47.000Z,118.201943,23.717322,27,3680
2019-11-03T03:48:59.000Z,118.202587,23.718112,27,3690
2019-11-03T03:50:40.000Z,118.207505,23.724237,27,3620
2019-11-03T03:54:52.000Z,118.21864,23.73859,27,3480
2019-11-03T03:58:16.000Z,118.22758799999998,23.750397,28,3490
2019-11-03T03:58:28.000Z,118.228115,23.751093,28,3460
2019-11-03T03:59:16.000Z,118.230247,23.75395,28,3440
2019-11-03T04:02:40.000Z,118.23923700000002,23.765748,28,3500
2019-11-03T04:03:04.000Z,118.240257,23.76708,28,3520
2019-11-03T04:07:04.000Z,118.250852,23.780943,28,3470
2019-11-03T04:07:51.000Z,118.252935,23.783737,28,3440
2019-11-03T04:09:38.000Z,118.2585,23.7919,27,3050
2019-11-03T04:13:51.000Z,118.266923,23.805163,27,2970
2019-11-03T04:16:15.000Z,118.272383,23.81385,27,3010
2019-11-03T04:16:29.000Z,118.272878,23.814625,27,3030
2019-11-03T04:16:52.000Z,118.27375,23.816008,27,3020
2019-11-03T04:17:16.000Z,118.27466499999998,23.817443,27,3000
2019-11-03T04:18:05.000Z,118.276317,23.82045,27,2530
2019-11-03T04:19:04.000Z,118.278107,23.824222,27,2190
2019-11-03T04:19:16.000Z,118.278428,23.824988,27,2100
2019-11-03T04:20:04.000Z,118.279555,23.828025,27,1820
2019-11-03T04:20:13.000Z,118.279695,23.82841,27,1860
2019-11-03T04:20:38.000Z,118.280267,23.829975,27,1810
2019-11-03T04:21:31.000Z,118.281533,23.833497,27,1860
2019-11-03T04:23:07.000Z,118.283877,23.839758,27,1920
2019-11-03T04:23:25.000Z,118.284315,23.840935,27,1920
2019-11-03T04:24:13.000Z,118.28561,23.844882,27,1500
2019-11-03T04:27:16.000Z,118.288778,23.856535,27,1340
2019-11-03T04:27:40.000Z,118.28923799999998,23.858217,27,1390
2019-11-03T04:29:50.000Z,118.291527,23.86668,27,1350
2019-11-03T04:30:19.000Z,118.292038,23.868637,27,1340
2019-11-03T04:30:49.000Z,118.292553,23.870657,27,1380
2019-11-03T04:31:01.000Z,118.292777,23.871467000000006,27,1430
2019-11-03T04:32:01.000Z,118.294075,23.876333,27,1340
2019-11-03T04:32:16.000Z,118.294183,23.876742,27,1360
2019-11-03T04:32:28.000Z,118.294398,23.877557,27,1360
2019-11-03T04:32:51.000Z,118.294803,23.879177,27,1270
2019-11-03T04:33:28.000Z,118.295432,23.881613,27,1300
2019-11-03T04:33:40.000Z,118.295648,23.882428,27,1350
2019-11-03T04:34:16.000Z,118.296335,23.884927,27,1370
2019-11-03T04:39:15.000Z,118.30155,23.905127,27,1360
2019-11-03T04:39:25.000Z,118.30189,23.906417,27,1360
2019-11-03T04:39:51.000Z,118.302195,23.907633,27,1330
2019-11-03T04:40:28.000Z,118.302778,23.910083,27,1220
2019-11-03T04:40:53.000Z,118.303165,23.911712,27,1250
2019-11-03T04:41:28.000Z,118.303785,23.914222,27,1300
2019-11-03T04:43:04.000Z,118.305445,23.920707,27,1360
2019-11-03T04:44:40.000Z,118.307065,23.927182,27,1340
2019-11-03T04:45:04.000Z,118.30749,23.928725,27,1360
2019-11-03T04:45:13.000Z,118.30782,23.929932,27,1360
2019-11-03T04:45:25.000Z,118.308037,23.930733,27,1350
2019-11-03T04:46:01.000Z,118.308628,23.933213,27,1140
2019-11-03T04:46:38.000Z,118.309247,23.93561,27,1350
2019-11-03T04:46:49.000Z,118.30944,23.93634,27,1330
2019-11-03T04:47:02.000Z,118.30966200000002,23.937132,27,1400
2019-11-03T04:47:13.000Z,118.30989,23.937927,27,1450
2019-11-03T04:47:40.000Z,118.31021,23.939135,27,1360
2019-11-03T04:48:53.000Z,118.311427,23.944038,27,1230
2019-11-03T04:50:04.000Z,118.312632,23.948823,27,1340
2019-11-03T04:50:14.000Z,118.31292,23.950095,27,1170
2019-11-03T04:51:04.000Z,118.313642,23.95291,27,1320
2019-11-03T04:51:16.000Z,118.313842,23.953715,27,1300
2019-11-03T04:52:40.000Z,118.315203,23.959305,27,1240
2019-11-03T04:53:04.000Z,118.315608,23.960987,27,1280
2019-11-03T04:57:40.000Z,118.320102,23.979672,27,1150
2019-11-03T04:58:03.000Z,118.320482,23.981315,27,1200
2019-11-03T05:00:03.000Z,118.322368,23.989495,27,1200
2019-11-03T05:00:16.000Z,118.322562,23.990313,27,1210
2019-11-03T05:00:40.000Z,118.322938,23.99194,27,1180
2019-11-03T05:01:04.000Z,118.323295,23.993585,27,1070
2019-11-03T05:01:16.000Z,118.323462,23.994477,27,950
2019-11-03T05:01:40.000Z,118.323705,23.996128,27,780
2019-11-03T05:02:05.000Z,118.323948,23.997782,27,770
2019-11-03T05:02:16.000Z,118.324053,23.998535,27,760
2019-11-03T05:02:40.000Z,118.324277,24.000193,27,710
2019-11-03T05:02:52.000Z,118.324393,24.001022,27,710
2019-11-03T05:03:16.000Z,118.32462,24.002743,27,680
2019-11-03T05:03:40.000Z,118.32485,24.004327,27,770
2019-11-03T05:04:28.000Z,118.325367,24.007632,27,820
2019-11-03T05:05:52.000Z,118.32622,24.013425,27,740
2019-11-03T05:06:15.000Z,118.326458,24.015013,27,770
2019-11-03T05:06:38.000Z,118.326787,24.017225,27,800
2019-11-03T05:11:16.000Z,118.32957,24.035787,27,760
2019-11-03T05:11:26.000Z,118.329763,24.037103,27,760
2019-11-03T05:12:16.000Z,118.33022,24.03995,27,830
2019-11-03T05:13:04.000Z,118.330627,24.043342000000006,27,490
2019-11-03T05:13:28.000Z,118.330728,24.045002,27,290
2019-11-03T05:13:41.000Z,118.330743,24.045833,27,140
2019-11-03T05:14:04.000Z,118.330713,24.047423,27,35920
2019-11-03T05:14:16.000Z,118.330687,24.048252,27,35860
2019-11-03T05:14:28.000Z,118.330658,24.049083,27,35830
2019-11-03T05:14:40.000Z,118.33064,24.049922,27,35860
2019-11-03T05:15:03.000Z,118.330592,24.051592000000007,27,35820
2019-11-03T05:15:29.000Z,118.330567,24.053335,27,35920
2019-11-03T05:15:52.000Z,118.330552,24.054935,27,35910
2019-11-03T05:16:28.000Z,118.33056299999998,24.057537,27,35990
2019-11-03T05:16:40.000Z,118.330553,24.058378,27,35960
2019-11-03T05:17:16.000Z,118.330522,24.060833,27,35890
2019-11-03T05:17:28.000Z,118.330512,24.061675,27,35900
2019-11-03T05:17:40.000Z,118.330502,24.062523,27,35940
2019-11-03T05:17:52.000Z,118.330468,24.063373,28,35850
2019-11-03T05:18:16.000Z,118.330425,24.06514,28,35860
2019-11-03T05:18:25.000Z,118.330392,24.066337,28,35830
2019-11-03T05:18:38.000Z,118.33037,24.067252,28,35850
2019-11-03T05:18:49.000Z,118.330355,24.068025,27,35890
2019-11-03T05:19:02.000Z,118.330335,24.06887,27,35890
2019-11-03T05:19:13.000Z,118.330312,24.06972,28,35850
2019-11-03T05:19:25.000Z,118.3303,24.070565,28,35880
2019-11-03T05:19:38.000Z,118.330285,24.071485,28,35890
2019-11-03T05:19:50.000Z,118.330257,24.07233,28,35830
2019-11-03T05:20:04.000Z,118.33025,24.072755,28,35850
2019-11-03T05:20:14.000Z,118.330213,24.074032,28,35850
2019-11-03T05:20:52.000Z,118.330165,24.076093,28,35840
2019-11-03T05:21:01.000Z,118.330127,24.077292,27,35810
2019-11-03T05:21:14.000Z,118.330095,24.078213,28,35820
2019-11-03T05:22:05.000Z,118.330013,24.081252,28,35860
2019-11-03T05:22:16.000Z,118.32998,24.082027,28,35800
2019-11-03T05:22:28.000Z,118.329948,24.082877,28,35790
2019-11-03T05:22:40.000Z,118.329912,24.08372,27,35800
2019-11-03T05:22:53.000Z,118.329862,24.084563,27,35730
2019-11-03T05:23:04.000Z,118.329823,24.085408,27,35730
2019-11-03T05:23:17.000Z,118.329795,24.086327,27,35790
2019-11-03T05:23:37.000Z,118.329705,24.088372,28,35730
2019-11-03T05:24:26.000Z,118.32957,24.09175,27,35760
2019-11-03T05:24:39.000Z,118.329558,24.0921,27,35790
2019-11-03T05:24:52.000Z,118.329543,24.09309,28,35880
2019-11-03T05:25:15.000Z,118.329545,24.094712,27,35990
2019-11-03T05:26:04.000Z,118.329845,24.098075,27,680
2019-11-03T05:26:16.000Z,118.329968,24.098915,27,730
2019-11-03T05:26:39.000Z,118.330217,24.100587,27,770
2019-11-03T05:27:05.000Z,118.330468,24.102332,27,760
2019-11-03T05:27:25.000Z,118.330728,24.104352,27,650
2019-11-03T05:27:37.000Z,118.330852,24.105187,27,730
2019-11-03T05:27:53.000Z,118.330913,24.105677,27,690
2019-11-03T05:28:04.000Z,118.331007,24.106447,27,650
2019-11-03T05:28:16.000Z,118.331135,24.10735,27,710
2019-11-03T05:28:37.000Z,118.33141,24.10936,27,620
2019-11-03T05:28:53.000Z,118.33146,24.109847,27,560
2019-11-03T05:29:14.000Z,118.331608,24.111937,27,290
2019-11-03T05:29:25.000Z,118.331653,24.112708,27,280
2019-11-03T05:29:50.000Z,118.331728,24.114445,27,170
2019-11-03T05:30:04.000Z,118.331742,24.11486,27,180
2019-11-03T05:30:25.000Z,118.331783,24.116877,27,150
2019-11-03T05:30:49.000Z,118.331865,24.11856,27,240
2019-11-03T05:31:04.000Z,118.33188,24.118977,27,210
2019-11-03T05:31:14.000Z,118.33193,24.120228,27,210
2019-11-03T05:31:28.000Z,118.331943,24.120647,27,200
2019-11-03T05:31:49.000Z,118.33203799999998,24.122745,27,250
2019-11-03T05:32:14.000Z,118.332107,24.124498000000006,27,230
2019-11-03T05:32:25.000Z,118.332132,24.125273,27,190
2019-11-03T05:32:37.000Z,118.332155,24.126112,27,140
2019-11-03T05:32:49.000Z,118.332185,24.126947,27,160
2019-11-03T05:33:13.000Z,118.33225,24.128617,27,190
2019-11-03T05:33:25.000Z,118.332283,24.129515,27,170
2019-11-03T05:33:38.000Z,118.332318,24.130347,27,190
2019-11-03T05:34:13.000Z,118.332417,24.132792,27,190
2019-11-03T05:34:25.000Z,118.332442,24.133643,27,150
2019-11-03T05:35:01.000Z,118.332543,24.136243,27,230
2019-11-03T05:35:13.000Z,118.332573,24.137013,27,190
2019-11-03T05:35:25.000Z,118.332598,24.137925,27,180
2019-11-03T05:35:40.000Z,118.332602,24.138275,27,130
2019-11-03T05:35:52.000Z,118.332643,24.139112,27,220
2019-11-03T05:36:13.000Z,118.332723,24.141218,27,170
2019-11-03T05:36:25.000Z,118.332748,24.14212,27,160
2019-11-03T05:36:39.000Z,118.332753,24.14247,27,140
2019-11-03T05:36:49.000Z,118.332797,24.143802,27,140
2019-11-03T05:37:01.000Z,118.332827,24.144647,27,150
2019-11-03T05:37:13.000Z,118.332845,24.145417,27,130
2019-11-03T05:37:25.000Z,118.33286499999998,24.146255,27,120
2019-11-03T05:37:40.000Z,118.33288,24.146673,27,150
2019-11-03T05:37:52.000Z,118.332903,24.147507,27,140
2019-11-03T05:38:04.000Z,118.332927,24.148345000000006,27,130
2019-11-03T05:38:13.000Z,118.33299,24.149677,27,210
2019-11-03T05:38:25.000Z,118.33303,24.150522,27,210
2019-11-03T05:38:39.000Z,118.33304,24.150872,27,180
2019-11-03T05:38:50.000Z,118.333075,24.152207,27,140
2019-11-03T05:39:01.000Z,118.333105,24.152972,27,150
2019-11-03T05:39:13.000Z,118.333133,24.153815,27,160
2019-11-03T05:39:25.000Z,118.333152,24.154658,27,130
2019-11-03T05:39:40.000Z,118.333165,24.155077,27,130
2019-11-03T05:39:52.000Z,118.333193,24.155913,27,170
2019-11-03T05:40:04.000Z,118.333222,24.156825,27,150
2019-11-03T05:40:13.000Z,118.333253,24.158012,27,140
2019-11-03T05:40:38.000Z,118.333318,24.159748,27,160
2019-11-03T05:40:50.000Z,118.333328,24.16059,27,100
2019-11-03T05:41:01.000Z,118.333307,24.161352,27,35930
2019-11-03T05:41:14.000Z,118.33328,24.162185,27,35840
2019-11-03T05:41:26.000Z,118.333238,24.163023000000006,27,35750
2019-11-03T05:41:38.000Z,118.333203,24.16393,27,35750
2019-11-03T05:41:50.000Z,118.33316200000002,24.164767,27,35710
2019-11-03T05:42:03.000Z,118.33314,24.165117,27,35690
2019-11-03T05:42:14.000Z,118.333058,24.166452,27,35670
2019-11-03T05:42:26.000Z,118.333012,24.167298,27,35690
2019-11-03T05:42:38.000Z,118.332957,24.16814,27,35670
2019-11-03T05:42:50.000Z,118.33291,24.168913,27,35670
2019-11-03T05:43:01.000Z,118.33286,24.169757,27,35670
2019-11-03T05:43:14.000Z,118.332802,24.17067,27,35660
2019-11-03T05:43:28.000Z,118.332777,24.171092,27,35670
2019-11-03T05:43:38.000Z,118.332705,24.172357,27,35690
2019-11-03T05:43:50.000Z,118.332653,24.1732,27,35680
2019-11-03T05:44:01.000Z,118.33263,24.173978,27,35760
2019-11-03T05:44:14.000Z,118.33258,24.174818,27,35710
2019-11-03T05:44:26.000Z,118.332515,24.175662,27,35620
2019-11-03T05:44:38.000Z,118.33243,24.176498,27,35480
2019-11-03T05:44:50.000Z,118.332315,24.177328,27,35310
2019-11-03T05:45:01.000Z,118.332192,24.178227,27,35290
2019-11-03T05:45:14.000Z,118.332075,24.179063,27,35260
2019-11-03T05:46:01.000Z,118.331627,24.182328,27,35290
2019-11-03T05:46:13.000Z,118.33152,24.183163,27,35310
2019-11-03T05:46:26.000Z,118.3314,24.184,27,35260
2019-11-03T05:46:40.000Z,118.331342,24.184418,27,35240
2019-11-03T05:46:52.000Z,118.331225,24.185323,27,35280
2019-11-03T05:47:01.000Z,118.331093,24.186518,27,35370
2019-11-03T05:47:26.000Z,118.33085,24.188273,27,35210
2019-11-03T05:47:38.000Z,118.330703,24.189103,27,35100
2019-11-03T05:47:49.000Z,118.330543,24.18986,27,34920
2019-11-03T05:48:13.000Z,118.33018,24.191507,27,34850
2019-11-03T05:48:26.000Z,118.329953,24.19239,27,34710
2019-11-03T05:48:37.000Z,118.329745,24.193135,27,34590
2019-11-03T05:48:51.000Z,118.32963,24.193542,27,34570
2019-11-03T05:49:01.000Z,118.329262,24.194757,27,34430
2019-11-03T05:49:29.000Z,118.328538,24.196575,27,33720
2019-11-03T05:49:37.000Z,118.328253,24.197055,27,33390
2019-11-03T05:49:52.000Z,118.328042,24.197415,27,33270
2019-11-03T05:50:01.000Z,118.327403,24.198493,27,33160
2019-11-03T05:50:13.000Z,118.326932,24.199278,27,33080
2019-11-03T05:50:28.000Z,118.326703,24.199632,27,32980
2019-11-03T05:50:37.000Z,118.32596,24.200558,27,32390
2019-11-03T05:50:49.000Z,118.325418,24.201203,27,32280
2019-11-03T05:51:01.000Z,118.324868,24.201848,27,32190
2019-11-03T05:51:13.000Z,118.324308,24.20249,27,32110
2019-11-03T05:51:26.000Z,118.323727,24.203115,27,32050
2019-11-03T05:51:37.000Z,118.323148,24.203753,27,32070
2019-11-03T05:52:01.000Z,118.321992,24.205037,27,32020
2019-11-03T05:52:28.000Z,118.321112,24.205993,27,31960
2019-11-03T05:52:49.000Z,118.319592,24.207578,27,31880
2019-11-03T05:53:01.000Z,118.319003,24.20823,28,31950
2019-11-03T05:53:13.000Z,118.31841,24.208882,28,31960
2019-11-03T05:53:26.000Z,118.31775,24.209577,28,31880
2019-11-03T05:53:38.000Z,118.31716000000002,24.210227,28,31990
2019-11-03T05:53:50.000Z,118.31661499999998,24.210917,28,32310
2019-11-03T05:54:13.000Z,118.315647,24.212288,28,32650
2019-11-03T05:54:28.000Z,118.315393,24.212645,28,32660
2019-11-03T05:54:38.000Z,118.314673,24.21382,27,33090
2019-11-03T05:54:50.000Z,118.314318,24.214528,27,33380
2019-11-03T05:55:13.000Z,118.313617,24.216107,28,33740
2019-11-03T05:55:25.000Z,118.313288,24.216903,28,33820
2019-11-03T05:55:38.000Z,118.312913,24.217758,28,33790
2019-11-03T05:56:01.000Z,118.312278,24.219285,28,33910
2019-11-03T05:56:13.000Z,118.311937,24.22008,28,33840
2019-11-03T05:56:25.000Z,118.311592,24.22087,28,33800
2019-11-03T05:56:38.000Z,118.311208,24.221725,28,33760
2019-11-03T05:56:50.000Z,118.31086299999998,24.222512,28,33810
2019-11-03T05:57:13.000Z,118.310228,24.224037,28,33870
2019-11-03T05:57:25.000Z,118.309865,24.224822,28,33740
2019-11-03T05:57:38.000Z,118.309493,24.225683,28,33800
2019-11-03T05:58:01.000Z,118.308858,24.22721,28,33900
2019-11-03T05:58:13.000Z,118.308503,24.22799,28,33770
2019-11-03T05:58:25.000Z,118.308082,24.228825,28,33530
2019-11-03T05:58:37.000Z,118.30768700000002,24.229508,27,33290
2019-11-03T05:58:50.000Z,118.307197,24.230298,27,33070
2019-11-03T05:59:01.000Z,118.306772,24.230967,27,32970
2019-11-03T05:59:13.000Z,118.306305,24.231693,27,32950
2019-11-03T05:59:25.000Z,118.30583500000002,24.232418,27,32910
2019-11-03T05:59:37.000Z,118.30535,24.233137,27,32850
2019-11-03T05:59:50.000Z,118.304878,24.23386,27,32870
2019-11-03T06:00:02.000Z,118.304398,24.234578,27,32830
2019-11-03T06:00:13.000Z,118.303832,24.235327,27,32530
2019-11-03T06:00:25.000Z,118.303257,24.235972,27,32170
2019-11-03T06:00:37.000Z,118.30273,24.236573,27,32070
2019-11-03T06:01:02.000Z,118.301507,24.237902,27,31930
2019-11-03T06:01:16.000Z,118.301252,24.238162,27,31900
2019-11-03T06:01:25.000Z,118.30026,24.23902,27,31350
2019-11-03T06:01:50.000Z,118.298793,24.240112,27,30960
2019-11-03T06:02:02.000Z,118.298078,24.240628,27,30820
2019-11-03T06:02:13.000Z,118.297365,24.241155,27,30790
2019-11-03T06:02:25.000Z,118.296663,24.2417,27,30930
2019-11-03T06:02:37.000Z,118.296013,24.242198,27,31000
2019-11-03T06:02:50.000Z,118.295232,24.242775,28,30920
2019-11-03T06:03:02.000Z,118.29457,24.24326,28,30840
2019-11-03T06:03:13.000Z,118.293852,24.243793,28,30850
2019-11-03T06:03:25.000Z,118.293135,24.244345000000006,28,30960
2019-11-03T06:03:37.000Z,118.292368,24.244947,28,31050
2019-11-03T06:03:49.000Z,118.291718,24.245457,28,31060
2019-11-03T06:04:02.000Z,118.29093799999998,24.246052,28,31020
2019-11-03T06:04:13.000Z,118.290205,24.246575,28,30820
2019-11-03T06:04:26.000Z,118.289505,24.247020000000006,28,30440
2019-11-03T06:04:40.000Z,118.289115,24.247242,27,30330
2019-11-03T06:05:02.000Z,118.287123,24.248268,27,29940
2019-11-03T06:05:13.000Z,118.286252,24.248707,27,29860
2019-11-03T06:05:27.000Z,118.285918,24.248878,27,29880
2019-11-03T06:05:39.000Z,118.285108,24.249283,27,29810
2019-11-03T06:05:49.000Z,118.28391299999998,24.249935,28,30010
2019-11-03T06:06:01.000Z,118.283108,24.250363,28,29920
2019-11-03T06:06:13.000Z,118.282307,24.250787,28,29870
2019-11-03T06:06:25.000Z,118.281505,24.251203,28,29880
2019-11-03T06:06:52.000Z,118.280283,24.25183,28,29890
2019-11-03T06:07:01.000Z,118.27899,24.252485,28,29840
2019-11-03T06:07:13.000Z,118.278245,24.252865,28,29860
2019-11-03T06:07:27.000Z,118.277838,24.253072,28,29870
2019-11-03T06:07:40.000Z,118.27705,24.253528,28,30090
2019-11-03T06:07:52.000Z,118.276298,24.254035,28,30500
2019-11-03T06:08:04.000Z,118.27559,24.254588,28,30900
2019-11-03T06:08:16.000Z,118.274865,24.25513,28,30920
2019-11-03T06:08:28.000Z,118.274148,24.255675,28,30980
2019-11-03T06:08:39.000Z,118.273462,24.256247,28,31150
2019-11-03T06:08:52.000Z,118.272718,24.256877,28,31210
2019-11-03T06:09:01.000Z,118.27177,24.257713,28,31390
2019-11-03T06:09:13.000Z,118.271087,24.258298,28,31390
2019-11-03T06:09:25.000Z,118.270402,24.258888,28,31310
2019-11-03T06:09:40.000Z,118.270077,24.259197,28,31450
2019-11-03T06:09:53.000Z,118.269333,24.259833,28,31370
2019-11-03T06:10:01.000Z,118.268373,24.26067,28,31310
2019-11-03T06:10:25.000Z,118.266958,24.261905,28,31340
2019-11-03T06:10:37.000Z,118.266278,24.26251,28,31350
2019-11-03T06:10:49.000Z,118.265658,24.263055,28,31350
2019-11-03T06:11:01.000Z,118.264972,24.263637,28,31250
2019-11-03T06:11:14.000Z,118.264237,24.264278,28,31270
2019-11-03T06:11:25.000Z,118.263627,24.264837,28,31390
2019-11-03T06:11:37.000Z,118.26295,24.265432,28,31420
2019-11-03T06:11:50.000Z,118.262262,24.266007,28,31320
2019-11-03T06:12:01.000Z,118.261578,24.266595,28,31290
2019-11-03T06:12:14.000Z,118.260868,24.267257,28,31450
2019-11-03T06:12:26.000Z,118.2602,24.267855,28,31450
2019-11-03T06:12:37.000Z,118.259558,24.26836,28,31200
2019-11-03T06:12:50.000Z,118.258782,24.268945,28,30990
2019-11-03T06:13:01.000Z,118.258127,24.269428,27,30900
2019-11-03T06:13:14.000Z,118.257407,24.26995,27,30840
2019-11-03T06:13:26.000Z,118.25671,24.270497,27,30980
2019-11-03T06:13:37.000Z,118.255992,24.271025,27,30950
2019-11-03T06:13:50.000Z,118.255208,24.271583,27,30750
2019-11-03T06:14:01.000Z,118.254533,24.272045,27,30600
2019-11-03T06:14:14.000Z,118.253722,24.272565,27,30530
2019-11-03T06:14:26.000Z,118.252967,24.273047,27,30460
2019-11-03T06:14:37.000Z,118.252267,24.273467,27,30350
2019-11-03T06:14:50.000Z,118.251447,24.273972,27,30300
2019-11-03T06:15:01.000Z,118.250767,24.274427,27,30470
2019-11-03T06:15:14.000Z,118.249997,24.274887,27,30440
2019-11-03T06:15:26.000Z,118.24916,24.275378,27,30310
2019-11-03T06:15:37.000Z,118.248468,24.275825,27,30320
2019-11-03T06:15:52.000Z,118.248032,24.276107,27,30450
2019-11-03T06:16:16.000Z,118.246565,24.276998000000006,27,30330
2019-11-03T06:16:26.000Z,118.245422,24.277707,27,30370
2019-11-03T06:16:38.000Z,118.244675,24.278202,27,30490
2019-11-03T06:17:01.000Z,118.243157,24.279163,27,30410
2019-11-03T06:17:13.000Z,118.242383,24.279622,27,30260
2019-11-03T06:17:25.000Z,118.241618,24.280092,27,30290
2019-11-03T06:17:38.000Z,118.240792,24.280605,27,30400
2019-11-03T06:18:02.000Z,118.239268,24.281567000000006,27,30400
2019-11-03T06:18:16.000Z,118.23896299999998,24.281778,27,30540
2019-11-03T06:18:25.000Z,118.237835,24.28251,27,30520
2019-11-03T06:18:38.000Z,118.236995,24.283007,27,30300
2019-11-03T06:18:49.000Z,118.236227,24.28347,27,30260
2019-11-03T06:19:02.000Z,118.235457,24.283923,27,30270
2019-11-03T06:19:13.000Z,118.234752,24.28434,27,30270
2019-11-03T06:19:29.000Z,118.234315,24.28462,27,30370
2019-11-03T06:19:38.000Z,118.23323700000002,24.285285,27,30440
2019-11-03T06:19:49.000Z,118.23247,24.285748,27,30390
2019-11-03T06:20:02.000Z,118.231703,24.286215,27,30290
2019-11-03T06:20:13.000Z,118.23094,24.286703,27,30370
2019-11-03T06:20:25.000Z,118.23011499999998,24.28722,28,30410
2019-11-03T06:20:38.000Z,118.229347,24.287702,28,30400
2019-11-03T06:20:49.000Z,118.228588,24.288187,28,30440
2019-11-03T06:21:13.000Z,118.22712,24.289095,28,30400
2019-11-03T06:21:25.000Z,118.226355,24.289572,28,30420
2019-11-03T06:21:40.000Z,118.225982,24.289822,28,30490
2019-11-03T06:22:02.000Z,118.223977,24.29101,28,30270
2019-11-03T06:22:15.000Z,118.223653,24.291203,28,30270
2019-11-03T06:22:21.000Z,118.22326499999998,24.291435,28,30280
2019-11-03T06:22:37.000Z,118.221695,24.292332,28,30190
2019-11-03T06:22:49.000Z,118.22092,24.2928,28,30260
2019-11-03T06:23:02.000Z,118.22007,24.293295,28,30240
2019-11-03T06:23:16.000Z,118.219737,24.293475,28,30170
2019-11-03T06:23:25.000Z,118.218553,24.294163,28,30180
2019-11-03T06:23:37.000Z,118.217763,24.29462,28,30120
2019-11-03T06:23:49.000Z,118.21691,24.29512,28,30200
2019-11-03T06:24:03.000Z,118.216582,24.295307,28,30220
2019-11-03T06:24:13.000Z,118.215465,24.296047,28,30590
2019-11-03T06:24:28.000Z,118.21509,24.296295,28,30540
2019-11-03T06:24:37.000Z,118.213992,24.297053,27,30680
2019-11-03T06:25:02.000Z,118.212647,24.298148,27,31130
2019-11-03T06:25:13.000Z,118.212042,24.29866,27,31240
2019-11-03T06:25:25.000Z,118.211282,24.299307,27,31260
2019-11-03T06:25:37.000Z,118.210632,24.299882,27,31330
2019-11-03T06:25:49.000Z,118.21007,24.300413,27,31470
2019-11-03T06:26:01.000Z,118.2094,24.30104,26,31520
2019-11-03T06:26:13.000Z,118.208838,24.301567,26,31550
2019-11-03T06:26:25.000Z,118.208233,24.302153,26,31580
2019-11-03T06:26:38.000Z,118.207625,24.302745,26,31620
2019-11-03T06:26:52.000Z,118.20731,24.303028,26,31540
2019-11-03T06:27:01.000Z,118.206418,24.303917,26,31650
2019-11-03T06:27:13.000Z,118.205813,24.304498,26,31560
2019-11-03T06:27:25.000Z,118.20521,24.305062,26,31510
2019-11-03T06:27:49.000Z,118.204003,24.306208,26,31590
2019-11-03T06:28:01.000Z,118.203412,24.306783,26,31580
2019-11-03T06:28:13.000Z,118.202813,24.307358,26,31530
2019-11-03T06:28:25.000Z,118.202223,24.307945,26,31640
2019-11-03T06:28:37.000Z,118.201628,24.308542000000006,26,31720
2019-11-03T06:29:13.000Z,118.199847,24.310272,26,31640
2019-11-03T06:29:25.000Z,118.199257,24.310838,26,31620
2019-11-03T06:29:37.000Z,118.198658,24.311403,26,31600
2019-11-03T06:29:49.000Z,118.198077,24.31198,26,31650
2019-11-03T06:30:13.000Z,118.196908,24.313147,26,31700
2019-11-03T06:30:26.000Z,118.196268,24.313795,26,31760
2019-11-03T06:30:37.000Z,118.195682,24.31438,26,31760
2019-11-03T06:30:49.000Z,118.195092,24.314947,25,31660
2019-11-03T06:31:01.000Z,118.194508,24.315520000000006,26,31640
2019-11-03T06:31:13.000Z,118.193982,24.316052,25,31690
2019-11-03T06:31:25.000Z,118.193398,24.316623,25,31690
2019-11-03T06:31:37.000Z,118.19281,24.317198,25,31700
2019-11-03T06:31:49.000Z,118.19222,24.317773000000006,26,31680
2019-11-03T06:32:01.000Z,118.19164,24.31835,26,31710
2019-11-03T06:32:13.000Z,118.191,24.318972,26,31660
2019-11-03T06:32:28.000Z,118.190712,24.319265,26,31720
2019-11-03T06:32:37.000Z,118.189837,24.32013,26,31740
2019-11-03T06:32:49.000Z,118.189262,24.320712,26,31790
2019-11-03T06:33:01.000Z,118.188683,24.321298,26,31780
2019-11-03T06:33:17.000Z,118.188393,24.321593,26,31760
2019-11-03T06:33:26.000Z,118.187505,24.322462,26,31640
2019-11-03T06:33:37.000Z,118.186968,24.322995,26,31660
2019-11-03T06:33:49.000Z,118.18633,24.323622,26,31690
2019-11-03T06:34:01.000Z,118.185795,24.32416,26,31740
2019-11-03T06:34:13.000Z,118.185208,24.324743,26,31710
2019-11-03T06:34:26.000Z,118.18458,24.325373000000006,26,31710
2019-11-03T06:34:37.000Z,118.184048,24.325912,26,31760
2019-11-03T06:34:49.000Z,118.18346,24.326485,26,31680
2019-11-03T06:35:01.000Z,118.182878,24.327073,26,31700
2019-11-03T06:35:13.000Z,118.182303,24.32767,26,31790
2019-11-03T06:35:26.000Z,118.181678,24.32831,26,31780
2019-11-03T06:35:37.000Z,118.181092,24.328892,26,31740
2019-11-03T06:35:49.000Z,118.180505,24.329473,26,31740
2019-11-03T06:36:01.000Z,118.179975,24.33001,26,31750
2019-11-03T06:36:13.000Z,118.179345,24.330647,26,31740
2019-11-03T06:36:26.000Z,118.178763,24.331233,26,31730
2019-11-03T06:36:37.000Z,118.178233,24.331773,26,31770
2019-11-03T06:36:49.000Z,118.177648,24.332365,26,31800
2019-11-03T06:37:01.000Z,118.177067,24.33296,26,31790
2019-11-03T06:37:13.000Z,118.176433,24.3336,26,31730
2019-11-03T06:37:26.000Z,118.175852,24.334198,26,31750
2019-11-03T06:37:37.000Z,118.175277,24.334803,26,31870
2019-11-03T06:37:49.000Z,118.174702,24.335393,26,31860
2019-11-03T06:38:01.000Z,118.174147,24.33591,26,31630
2019-11-03T06:38:16.000Z,118.173842,24.336193,26,31590
2019-11-03T06:38:26.000Z,118.172882,24.33708,26,31540
2019-11-03T06:38:37.000Z,118.172323,24.337585,26,31480
2019-11-03T06:38:49.000Z,118.171717,24.33815,26,31490
2019-11-03T06:39:02.000Z,118.17106,24.338762,26,31520
2019-11-03T06:39:15.000Z,118.170802,24.338995,26,31490
2019-11-03T06:39:27.000Z,118.170185,24.339558,26,31460
2019-11-03T06:39:37.000Z,118.169203,24.340445000000006,26,31450
2019-11-03T06:40:02.000Z,118.167973,24.34158,26,31510
2019-11-03T06:40:16.000Z,118.16772,24.341823,26,31540
2019-11-03T06:40:25.000Z,118.16683700000002,24.342623,26,31430
2019-11-03T06:40:37.000Z,118.166118,24.343293,26,31490
2019-11-03T06:40:49.000Z,118.165497,24.343868,26,31470
2019-11-03T06:41:02.000Z,118.164875,24.344432,26,31440
2019-11-03T06:41:13.000Z,118.164255,24.345007,26,31500
2019-11-03T06:41:25.000Z,118.16368500000002,24.345532,26,31510
2019-11-03T06:41:37.000Z,118.163065,24.346098,26,31450
2019-11-03T06:41:52.000Z,118.16276,24.346387,26,31510
2019-11-03T06:42:02.000Z,118.161848,24.347235,26,31540
2019-11-03T06:42:13.000Z,118.161222,24.3478,26,31490
2019-11-03T06:42:28.000Z,118.16085,24.348125,26,31420
2019-11-03T06:42:38.000Z,118.159907,24.348985,26,31450
2019-11-03T06:42:49.000Z,118.159292,24.349552,26,31450
2019-11-03T06:43:02.000Z,118.15866499999998,24.350117,26,31450
2019-11-03T06:43:13.000Z,118.158087,24.350633,26,31440
2019-11-03T06:43:25.000Z,118.157467,24.351203,26,31480
2019-11-03T06:43:38.000Z,118.156787,24.351815,26,31460
2019-11-03T06:43:49.000Z,118.156197,24.352325,26,31350
2019-11-03T06:44:02.000Z,118.155518,24.352943,26,31360
2019-11-03T06:44:13.000Z,118.154947,24.353463,26,31410
2019-11-03T06:44:25.000Z,118.154308,24.354027,27,31420
2019-11-03T06:44:38.000Z,118.153617,24.354633,26,31390
2019-11-03T06:44:49.000Z,118.153035,24.355155,27,31410
2019-11-03T06:45:02.000Z,118.152345,24.355768,27,31370
2019-11-03T06:45:13.000Z,118.151742,24.356268,27,31260
2019-11-03T06:45:25.000Z,118.151155,24.356778,26,31320
2019-11-03T06:45:38.000Z,118.150443,24.357367,27,31240
2019-11-03T06:45:49.000Z,118.149718,24.357947,27,31150
2019-11-03T06:46:02.000Z,118.149053,24.35848,27,31140
2019-11-03T06:46:13.000Z,118.14845,24.358982,27,31160
2019-11-03T06:46:25.000Z,118.147793,24.359533,27,31230
2019-11-03T06:46:38.000Z,118.147073,24.360123,27,31240
2019-11-03T06:46:49.000Z,118.14646,24.360628,27,31180
2019-11-03T06:47:02.000Z,118.145742,24.361223000000006,27,31180
2019-11-03T06:47:13.000Z,118.145117,24.36172,27,31120
2019-11-03T06:47:26.000Z,118.144393,24.362313,27,31110
2019-11-03T06:47:38.000Z,118.14373700000002,24.362875,27,31190
2019-11-03T06:47:49.000Z,118.143075,24.363423,27,31240
2019-11-03T06:48:02.000Z,118.1424,24.36397,27,31180
2019-11-03T06:48:13.000Z,118.14179,24.364478,27,31160
2019-11-03T06:48:26.000Z,118.141072,24.36508,27,31180
2019-11-03T06:48:38.000Z,118.140468,24.36558,27,31230
2019-11-03T06:48:49.000Z,118.139812,24.366142,27,31270
2019-11-03T06:49:02.000Z,118.13916,24.366685,27,31270
2019-11-03T06:49:14.000Z,118.138463,24.367285,26,31310
2019-11-03T06:49:26.000Z,118.137847,24.367867,26,31510
2019-11-03T06:49:38.000Z,118.13722,24.368448,26,31540
2019-11-03T06:50:02.000Z,118.136003,24.369628,26,31610
2019-11-03T06:50:14.000Z,118.135398,24.37021,26,31620
2019-11-03T06:50:26.000Z,118.13484,24.370745,26,31620
2019-11-03T06:50:49.000Z,118.133543,24.371915,26,31420
2019-11-03T06:51:02.000Z,118.132913,24.372467,26,31360
2019-11-03T06:51:14.000Z,118.132302,24.373018,26,31390
2019-11-03T06:51:26.000Z,118.131682,24.373588,26,31500
2019-11-03T06:51:38.000Z,118.131073,24.374162,26,31580
2019-11-03T06:51:49.000Z,118.130508,24.374682,26,31530
2019-11-03T06:52:02.000Z,118.1299,24.375258,26,31530
2019-11-03T06:52:14.000Z,118.129303,24.375848,26,31640
2019-11-03T06:52:30.000Z,118.128947,24.376187,26,31620
2019-11-03T06:52:40.000Z,118.12833700000002,24.376772,26,31590
2019-11-03T06:53:02.000Z,118.126795,24.378205,26,31560
2019-11-03T06:53:17.000Z,118.126485,24.378495,26,31550
2019-11-03T06:53:25.000Z,118.125625,24.379323,26,31600
2019-11-03T06:53:38.000Z,118.125117,24.37981,26,31570
2019-11-03T06:53:49.000Z,118.124405,24.38048,26,31550
2019-11-03T06:54:14.000Z,118.123092,24.381642000000006,26,31410
2019-11-03T06:54:25.000Z,118.122512,24.382155,26,31400
2019-11-03T06:54:37.000Z,118.12188,24.382715,26,31380
2019-11-03T06:54:49.000Z,118.121245,24.38327,26,31340
2019-11-03T06:55:01.000Z,118.120608,24.383823,26,31340
2019-11-03T06:55:14.000Z,118.119938,24.384443,26,31500
2019-11-03T06:55:25.000Z,118.119398,24.384978,26,31640
2019-11-03T06:55:37.000Z,118.118718,24.38568,26,31760
2019-11-03T06:55:49.000Z,118.118185,24.386218,26,31790
2019-11-03T06:56:01.000Z,118.117567,24.386852,26,31800
2019-11-03T06:56:14.000Z,118.117002,24.387462,26,31900
2019-11-03T06:56:25.000Z,118.116485,24.388012,26,31880
2019-11-03T06:56:37.000Z,118.115897,24.388607,26,31840
2019-11-03T06:56:49.000Z,118.115308,24.3892,26,31810
2019-11-03T06:57:01.000Z,118.114727,24.389803,26,31830
2019-11-03T06:57:13.000Z,118.114147,24.39041,26,31860
2019-11-03T06:57:25.000Z,118.11361,24.390963,26,31840
2019-11-03T06:57:37.000Z,118.112968,24.391617,26,31820
2019-11-03T06:57:49.000Z,118.112387,24.392225,26,31840
2019-11-03T06:58:01.000Z,118.111758,24.39288,26,31840
2019-11-03T06:58:13.000Z,118.111218,24.393435,26,31830
2019-11-03T06:58:25.000Z,118.11064,24.394048,26,31870
2019-11-03T06:58:40.000Z,118.110353,24.394355,26,31890
2019-11-03T06:59:01.000Z,118.108893,24.395882,26,31890
2019-11-03T06:59:13.000Z,118.108262,24.396542,27,31870
2019-11-03T06:59:25.000Z,118.107727,24.397102,27,31860
2019-11-03T06:59:37.000Z,118.107148,24.397715,27,31890
2019-11-03T06:59:49.000Z,118.106567,24.398327,27,31890
2019-11-03T07:00:01.000Z,118.105983,24.398938,27,31890
2019-11-03T07:00:13.000Z,118.105402,24.39956,27,31900
2019-11-03T07:00:25.000Z,118.104817,24.400175,27,31870
2019-11-03T07:00:37.000Z,118.104227,24.400785,27,31840
2019-11-03T07:00:49.000Z,118.103637,24.401398,27,31840
2019-11-03T07:01:01.000Z,118.10299,24.402077,27,31860
2019-11-03T07:01:15.000Z,118.102735,24.402323000000006,27,31800
2019-11-03T07:01:26.000Z,118.101808,24.403295,27,31840
2019-11-03T07:01:37.000Z,118.10128,24.403877,27,31930
2019-11-03T07:01:49.000Z,118.100702,24.404503,27,31930
2019-11-03T07:02:01.000Z,118.10009,24.405113,27,31720
2019-11-03T07:02:13.000Z,118.099457,24.405655,26,31370
2019-11-03T07:02:26.000Z,118.098775,24.406173000000006,26,31110
2019-11-03T07:02:37.000Z,118.098102,24.406695000000006,26,31030
2019-11-03T07:02:49.000Z,118.09738,24.407255,26,31000
2019-11-03T07:03:13.000Z,118.096023,24.408183,26,30590
2019-11-03T07:03:26.000Z,118.095245,24.408685,26,30470
2019-11-03T07:03:40.000Z,118.094943,24.408878,26,30440
2019-11-03T07:04:04.000Z,118.09351200000002,24.409792000000003,26,30430
2019-11-03T07:04:13.000Z,118.09243,24.410498,26,30520
2019-11-03T07:04:26.000Z,118.091642,24.411003,26,30490
2019-11-03T07:04:37.000Z,118.09096,24.4114,26,30290
2019-11-03T07:04:49.000Z,118.090208,24.411827,26,30190
2019-11-03T07:05:01.000Z,118.089385,24.412275,26,30060
2019-11-03T07:05:13.000Z,118.088697,24.412657,26,30070
2019-11-03T07:05:37.000Z,118.087178,24.413482,26,30040
2019-11-03T07:05:49.000Z,118.086402,24.413878,26,30000
2019-11-03T07:06:01.000Z,118.085565,24.414317,26,30000
2019-11-03T07:06:13.000Z,118.084852,24.414682,27,29940
2019-11-03T07:06:25.000Z,118.08401299999998,24.41515,27,30000
2019-11-03T07:06:37.000Z,118.083233,24.415553,27,29990
2019-11-03T07:06:49.000Z,118.082523,24.415932,27,30010
2019-11-03T07:07:01.000Z,118.081748,24.416338,27,29990
2019-11-03T07:07:13.000Z,118.080968,24.416743,27,29950
2019-11-03T07:07:25.000Z,118.080197,24.417157,27,30000
2019-11-03T07:07:37.000Z,118.079435,24.417588,27,30130
2019-11-03T07:07:49.000Z,118.078608,24.418062,27,30180
2019-11-03T07:08:01.000Z,118.07785,24.418502,27,30210
2019-11-03T07:08:15.000Z,118.077537,24.418692,27,30250
2019-11-03T07:08:25.000Z,118.076338,24.419398,27,30260
2019-11-03T07:08:37.000Z,118.075647,24.419797,27,30240
2019-11-03T07:08:49.000Z,118.074903,24.420238,27,30240
2019-11-03T07:09:01.000Z,118.07416299999998,24.420668,26,30220
2019-11-03T07:09:13.000Z,118.073425,24.421093,26,30200
2019-11-03T07:09:25.000Z,118.07263,24.421538,26,30150
2019-11-03T07:09:37.000Z,118.071902,24.421948,25,30150
2019-11-03T07:09:49.000Z,118.071242,24.422325,25,30170
2019-11-03T07:10:01.000Z,118.070468,24.422772,25,30190
2019-11-03T07:10:13.000Z,118.069815,24.423147,25,30180
2019-11-03T07:10:25.000Z,118.069113,24.423553,25,30210
2019-11-03T07:10:37.000Z,118.068417,24.423955,25,30190
2019-11-03T07:10:49.000Z,118.067727,24.424345,24,30150
2019-11-03T07:11:02.000Z,118.066987,24.424745,24,30060
2019-11-03T07:11:13.000Z,118.066318,24.42512,23,30080
2019-11-03T07:11:25.000Z,118.065652,24.425473,23,30050
2019-11-03T07:11:37.000Z,118.065002,24.425838,23,30140
2019-11-03T07:11:49.000Z,118.064417,24.426175,22,30170
2019-11-03T07:12:02.000Z,118.063735,24.426568,22,30190
2019-11-03T07:12:16.000Z,118.063485,24.426722,22,30230
2019-11-03T07:12:25.000Z,118.062553,24.427272,22,30260
2019-11-03T07:12:40.000Z,118.062245,24.42745,22,30240
2019-11-03T07:13:02.000Z,118.060685,24.428395,22,30490
2019-11-03T07:13:14.000Z,118.060105,24.428798,21,30620
2019-11-03T07:13:26.000Z,118.059512,24.429185,21,30580
2019-11-03T07:13:41.000Z,118.059225,24.429388,21,30640
2019-11-03T07:14:06.000Z,118.057598,24.430515,21,30590
2019-11-03T07:14:24.000Z,118.057167,24.4308,21,30570
2019-11-03T07:14:44.000Z,118.056193,24.431528,21,30910
2019-11-03T07:15:03.000Z,118.055323,24.4322,21,30970
2019-11-03T07:15:24.000Z,118.054432,24.432927,21,31180
2019-11-03T07:15:44.000Z,118.053575,24.433683,21,31420
2019-11-03T07:16:04.000Z,118.052822,24.434508,21,32010
2019-11-03T07:16:25.000Z,118.05177,24.435817,21,32320
2019-11-03T07:16:43.000Z,118.051442,24.436233,21,32410
2019-11-03T07:17:04.000Z,118.050832,24.437137,21,32760
2019-11-03T07:17:24.000Z,118.050238,24.438043,21,32950
2019-11-03T07:17:44.000Z,118.049698,24.438985,21,33230
2019-11-03T07:18:03.000Z,118.049182,24.439938,21,33360
2019-11-03T07:18:24.000Z,118.048707,24.440957,20,33670
2019-11-03T07:18:44.000Z,118.048342,24.441897,20,34070
2019-11-03T07:19:05.000Z,118.047885,24.443367,20,34480
2019-11-03T07:19:24.000Z,118.04777,24.443935,20,34780
2019-11-03T07:19:43.000Z,118.047573,24.44498,20,35030
2019-11-03T07:20:03.000Z,118.047413,24.446027,20,35160
2019-11-03T07:20:25.000Z,118.047205,24.447612,21,35320
2019-11-03T07:20:46.000Z,118.04709,24.448722,21,35520
2019-11-03T07:21:05.000Z,118.047017,24.449707,20,35600
2019-11-03T07:21:25.000Z,118.046993,24.450733,20,35930
2019-11-03T07:21:46.000Z,118.047078,24.451743,19,520
2019-11-03T07:21:51.000Z,118.047127,24.451973,18,750
2019-11-03T07:22:05.000Z,118.047313,24.45258,18,1370
2019-11-03T07:22:11.000Z,118.04741,24.452828,17,1640
2019-11-03T07:22:24.000Z,118.047475,24.45299,17,1760
2019-11-03T07:22:46.000Z,118.048055,24.454167,16,2540
2019-11-03T07:23:05.000Z,118.048442,24.454838,15,2820
2019-11-03T07:23:46.000Z,118.04921000000002,24.456282,15,2530
2019-11-03T07:24:03.000Z,118.04934,24.456567,15,2430
2019-11-03T07:24:24.000Z,118.049797,24.457622,15,2190
2019-11-03T07:24:42.000Z,118.049993,24.458025,15,2280
2019-11-03T07:25:05.000Z,118.050445,24.459168,15,2010
2019-11-03T07:25:23.000Z,118.050582,24.459498,15,2040
2019-11-03T07:25:43.000Z,118.05085,24.460277,15,1760
2019-11-03T07:26:03.000Z,118.05111,24.461053,16,1730
2019-11-03T07:26:23.000Z,118.051382,24.4619,16,1700
2019-11-03T07:26:42.000Z,118.051632,24.462695,17,1660
2019-11-03T07:27:05.000Z,118.052063,24.464057,18,1560
2019-11-03T07:27:23.000Z,118.052183,24.464465,18,1530
2019-11-03T07:27:43.000Z,118.052437,24.46539,18,1440
2019-11-03T07:28:04.000Z,118.052882,24.466858,19,1580
2019-11-03T07:28:22.000Z,118.053018,24.467288,19,1600
2019-11-03T07:28:43.000Z,118.053377,24.468253,20,1880
2019-11-03T07:29:04.000Z,118.05398,24.469698,20,2160
2019-11-03T07:29:23.000Z,118.05421,24.470173000000006,20,2350
2019-11-03T07:29:45.000Z,118.055022,24.471663,20,2690
2019-11-03T07:30:04.000Z,118.055295,24.472125,20,2780
2019-11-03T07:30:23.000Z,118.05577,24.47295,20,2790
2019-11-03T07:30:45.000Z,118.056592,24.474337,20,2840
2019-11-03T07:31:04.000Z,118.05707,24.475173,20,2780
2019-11-03T07:31:24.000Z,118.05761,24.476077,19,2830
2019-11-03T07:31:44.000Z,118.057877,24.47654,19,2800
2019-11-03T07:32:04.000Z,118.058573,24.477748,18,2780
2019-11-03T07:32:24.000Z,118.058793,24.478147,18,2760
2019-11-03T07:32:44.000Z,118.05924,24.47893,17,2770
2019-11-03T07:33:04.000Z,118.059723,24.479717,17,2960
2019-11-03T07:33:23.000Z,118.060168,24.480418,17,3030
2019-11-03T07:33:45.000Z,118.060842,24.481467,16,3100
2019-11-03T07:34:04.000Z,118.06128,24.482112,16,3170
2019-11-03T07:34:24.000Z,118.061527,24.482487,15,3130
2019-11-03T07:34:44.000Z,118.062,24.483212,16,3100
2019-11-03T07:35:04.000Z,118.06246000000002,24.483905,16,3130
2019-11-03T07:35:24.000Z,118.062907,24.48456,16,3190
2019-11-03T07:35:45.000Z,118.063593,24.485617,16,3110
2019-11-03T07:36:04.000Z,118.063822,24.485967,16,3120
2019-11-03T07:36:24.000Z,118.064295,24.486672,16,3170
2019-11-03T07:36:44.000Z,118.064782,24.487418,16,3090
2019-11-03T07:37:04.000Z,118.065197,24.488102,16,3000
2019-11-03T07:37:24.000Z,118.065642,24.488823,16,2930
2019-11-03T07:37:44.000Z,118.066043,24.489557,16,2720
2019-11-03T07:38:03.000Z,118.06643,24.490252,16,2710
2019-11-03T07:38:23.000Z,118.0668,24.491035,16,2290
2019-11-03T07:38:44.000Z,118.067105,24.491793,15,2080
2019-11-03T07:39:03.000Z,118.067393,24.492517000000007,16,2010
2019-11-03T07:39:23.000Z,118.067683,24.49328,16,1940
2019-11-03T07:39:44.000Z,118.067997,24.494092,16,1960
2019-11-03T07:40:03.000Z,118.068298,24.494868,16,1980
2019-11-03T07:40:24.000Z,118.068593,24.495643,16,1930
2019-11-03T07:40:44.000Z,118.068873,24.496415,16,1860
2019-11-03T07:41:03.000Z,118.069095,24.49698,16,1760
2019-11-03T07:41:45.000Z,118.069733,24.498823,15,1700
2019-11-03T07:42:04.000Z,118.070077,24.499837,15,1730
2019-11-03T07:42:24.000Z,118.070212,24.50023,15,1810
2019-11-03T07:42:44.000Z,118.070493,24.500933,15,1970
2019-11-03T07:43:03.000Z,118.070742,24.501598,14,1900
2019-11-03T07:43:23.000Z,118.071,24.502332,14,1890
2019-11-03T07:43:45.000Z,118.071432,24.503345,14,2190
2019-11-03T07:44:03.000Z,118.071565,24.50364,14,2250
2019-11-03T07:44:23.000Z,118.071872,24.504283,14,2380
2019-11-03T07:44:44.000Z,118.072173,24.504968,13,2290
2019-11-03T07:45:03.000Z,118.072453,24.505605,13,2260
2019-11-03T07:45:25.000Z,118.072753,24.506272,13,2240
2019-11-03T07:45:44.000Z,118.073023,24.50686,13,2270
2019-11-03T07:46:03.000Z,118.073298,24.507445,13,2320
2019-11-03T07:46:25.000Z,118.073768,24.508407,13,2420
2019-11-03T07:47:03.000Z,118.074172,24.509292,12,2300
2019-11-03T07:47:15.000Z,118.074418,24.509895,12,2030
2019-11-03T07:47:25.000Z,118.07453,24.510187,12,1980
2019-11-03T07:47:44.000Z,118.074732,24.51073,12,1910
2019-11-03T07:48:06.000Z,118.074948,24.511345,11,1860
2019-11-03T07:48:15.000Z,118.075043,24.511618,11,1840
2019-11-03T07:48:26.000Z,118.075138,24.511885,11,1830
2019-11-03T07:48:54.000Z,118.07541299999998,24.512617,10,1920
2019-11-03T07:49:06.000Z,118.075528,24.51292,10,1940
2019-11-03T07:49:15.000Z,118.07561499999998,24.513147,10,1940
2019-11-03T07:49:26.000Z,118.075715,24.51342,10,1920
2019-11-03T07:49:35.000Z,118.07578999999998,24.51362,10,1900
2019-11-03T07:49:44.000Z,118.075877,24.513867,10,1850
2019-11-03T07:49:54.000Z,118.075967,24.514133,10,1780
2019-11-03T07:50:06.000Z,118.076048,24.514397,10,1700
2019-11-03T07:50:25.000Z,118.076125,24.514637,10,1670
2019-11-03T07:50:44.000Z,118.076265,24.51508,9,1670
2019-11-03T07:50:55.000Z,118.07641,24.515525,9,1680
2019-11-03T07:51:06.000Z,118.076482,24.51576,8,1630
2019-11-03T07:51:24.000Z,118.076545,24.515943,8,1690
2019-11-03T07:51:35.000Z,118.07669,24.516333,7,1900
2019-11-03T07:51:55.000Z,118.076788,24.516618,6,1690
2019-11-03T07:52:15.000Z,118.076837,24.516847,4,1110
2019-11-03T07:52:44.000Z,118.076843,24.517015,3,340
2019-11-03T07:53:04.000Z,118.076778,24.517185,2,33780
2019-11-03T07:53:41.000Z,118.076603,24.51737,2,31880
2019-11-03T07:54:18.000Z,118.076492,24.51759,2,34770
2019-11-03T07:54:46.000Z,118.076463,24.517767000000006,2,140
2019-11-03T07:55:31.000Z,118.076567,24.517985,1,3590
2019-11-03T07:56:23.000Z,118.076803,24.518025,2,9520
2019-11-03T07:56:45.000Z,118.077032,24.51796,2,10770
2019-11-03T07:57:23.000Z,118.077265,24.517883,3,11100
2019-11-03T07:57:45.000Z,118.077533,24.517763,3,11820
2019-11-03T07:58:04.000Z,118.077692,24.517665,3,12440
2019-11-03T07:58:26.000Z,118.077855,24.517533,3,13090
2019-11-03T07:58:54.000Z,118.078033,24.517368,3,13340
2019-11-03T07:59:26.000Z,118.078202,24.517225,2,13140
2019-11-03T08:00:05.000Z,118.078385,24.517118,2,11670
2019-11-03T08:00:44.000Z,118.078557,24.517038,2,11990
2019-11-03T08:01:23.000Z,118.0787,24.516888,2,14000
2019-11-03T08:02:02.000Z,118.078855,24.5167,2,14390
2019-11-03T08:02:43.000Z,118.07896,24.516507,2,15300
2019-11-03T08:03:26.000Z,118.079062,24.516355,1,13730
2019-11-03T08:05:44.000Z,118.079292,24.516342,0,7150
2019-11-03T08:08:24.000Z,118.079423,24.516218,0,13930
2019-11-03T08:22:49.000Z,118.079625,24.516258,0,5400
2019-11-03T08:37:40.000Z,118.079722,24.516302,0,5830
2019-11-03T08:52:48.000Z,118.079692,24.516268,0,6740
2019-11-03T09:04:49.000Z,118.079613,24.516372,0,14270
2019-11-03T09:19:17.000Z,118.0803,24.5164,0,4920
2019-11-03T09:31:40.000Z,118.079875,24.516323,0,7620
2019-11-03T09:46:49.000Z,118.079645,24.516385,0,3340
2019-11-03T10:07:40.000Z,118.079653,24.51627,0,14690
2019-11-03T10:22:49.000Z,118.079583,24.516237,0,9610
2019-11-03T10:40:49.000Z,118.079632,24.516268,0,10350
2019-11-03T10:55:16.000Z,118.0796,24.5163,0,31110
2019-11-03T11:10:49.000Z,118.07953700000002,24.516235,0,8970
2019-11-03T11:22:53.000Z,118.07966,24.516267000000006,0,9350
2019-11-03T11:40:49.000Z,118.079667,24.51618,0,20240
2019-11-03T11:58:48.000Z,118.079495,24.516215,0,16360
2019-11-03T12:13:16.000Z,118.0792,24.5162,0,20210
2019-11-03T12:28:16.000Z,118.0796,24.516,0,29140
2019-11-03T12:40:48.000Z,118.079592,24.516245,0,9390
2019-11-03T12:58:49.000Z,118.079638,24.51623,0,15780
2019-11-03T13:10:50.000Z,118.079605,24.516243,0,14750
2019-11-03T13:25:16.000Z,118.0797,24.5162,0,22290
2019-11-03T13:35:47.000Z,118.079072,24.516375,1,31420
2019-11-03T13:36:27.000Z,118.078927,24.51656,1,30540
2019-11-03T13:39:06.000Z,118.07873700000002,24.516428,1,19550
2019-11-03T13:39:37.000Z,118.078605,24.516183,2,21100
2019-11-03T13:39:57.000Z,118.078492,24.516048,3,21690
2019-11-03T13:40:18.000Z,118.078357,24.515883,4,21680
2019-11-03T13:40:38.000Z,118.078205,24.515677,5,21520
2019-11-03T13:40:58.000Z,118.07801299999998,24.51543,6,21630
2019-11-03T13:41:08.000Z,118.077907,24.515277,6,21550
2019-11-03T13:41:18.000Z,118.0778,24.515127,7,21460
2019-11-03T13:41:48.000Z,118.077568,24.5148,7,21420
2019-11-03T13:42:07.000Z,118.077192,24.514287,8,21430
2019-11-03T13:42:27.000Z,118.07704,24.514087,9,21460
2019-11-03T13:42:38.000Z,118.07674,24.51367,10,21370
2019-11-03T13:42:58.000Z,118.076395,24.513198000000006,10,21420
2019-11-03T13:43:07.000Z,118.076222,24.512987,11,21560
2019-11-03T13:43:26.000Z,118.076048,24.512738,11,21420
2019-11-03T13:43:47.000Z,118.075695,24.512172,12,21000
2019-11-03T13:43:58.000Z,118.075312,24.511558,14,20940
2019-11-03T13:44:26.000Z,118.074928,24.510952,15,21040
2019-11-03T13:44:47.000Z,118.07447,24.510188,15,20890
2019-11-03T13:45:07.000Z,118.07392,24.509113,16,20500
2019-11-03T13:45:27.000Z,118.073727,24.508728,16,20470
2019-11-03T13:45:37.000Z,118.07336,24.507972,17,20390
2019-11-03T13:46:07.000Z,118.07295,24.507105,17,20340
2019-11-03T13:46:26.000Z,118.07253,24.506265,18,20440
2019-11-03T13:46:45.000Z,118.072127,24.505452,18,20490
2019-11-03T13:47:01.000Z,118.071895,24.504983,18,20470
2019-11-03T13:47:27.000Z,118.071325,24.503702,18,20190
2019-11-03T13:47:46.000Z,118.070997,24.502888,18,20060
2019-11-03T13:48:06.000Z,118.070657,24.501992,17,19940
2019-11-03T13:48:26.000Z,118.07033,24.501142,17,19960
2019-11-03T13:48:46.000Z,118.070023,24.500337,17,19960
2019-11-03T13:49:06.000Z,118.069713,24.499495,17,19880
2019-11-03T13:49:26.000Z,118.069425,24.498668,17,19840
2019-11-03T13:49:47.000Z,118.068903,24.4974,17,20080
2019-11-03T13:50:05.000Z,118.068737,24.497175,17,20170
2019-11-03T13:50:28.000Z,118.068352,24.496135,17,20120
2019-11-03T13:50:46.000Z,118.068063,24.495418,17,20140
2019-11-03T13:51:06.000Z,118.067705,24.494623,17,20180
2019-11-03T13:51:27.000Z,118.067293,24.493728,17,20270
2019-11-03T13:51:46.000Z,118.066917,24.492988,17,20440
2019-11-03T13:52:06.000Z,118.066527,24.492257,17,20540
2019-11-03T13:52:27.000Z,118.066058,24.49147,17,20870
2019-11-03T13:52:46.000Z,118.065608,24.490773,17,21100
2019-11-03T13:53:06.000Z,118.065097,24.490008,17,21170
2019-11-03T13:53:27.000Z,118.064578,24.489258,16,21190
2019-11-03T13:53:47.000Z,118.064123,24.488568,16,21100
2019-11-03T13:54:06.000Z,118.063682,24.487887,16,21060
2019-11-03T13:54:27.000Z,118.063205,24.487135,16,21070
2019-11-03T13:54:46.000Z,118.062723,24.486445,16,21240
2019-11-03T13:55:06.000Z,118.062228,24.485768,16,21340
2019-11-03T13:55:28.000Z,118.061702,24.485043,16,21340
2019-11-03T13:55:48.000Z,118.061003,24.483987,17,21170
2019-11-03T13:56:06.000Z,118.060777,24.48365,17,21180
2019-11-03T13:56:27.000Z,118.060193,24.48281,18,21210
2019-11-03T13:56:46.000Z,118.059735,24.482062,18,21020
2019-11-03T13:57:07.000Z,118.058995,24.480835,18,20890
2019-11-03T13:57:27.000Z,118.058747,24.480413,19,20870
2019-11-03T13:57:46.000Z,118.058267,24.479608,19,20880
2019-11-03T13:58:06.000Z,118.05779,24.478683,19,20680
2019-11-03T13:58:27.000Z,118.057293,24.477753,19,20640
2019-11-03T13:58:47.000Z,118.056823,24.476902,20,20570
2019-11-03T13:59:06.000Z,118.05637,24.476042,20,20510
2019-11-03T13:59:27.000Z,118.055867,24.47508,20,20560
2019-11-03T13:59:46.000Z,118.055388,24.474163,20,20550
2019-11-03T14:00:07.000Z,118.054667,24.472763,20,20530
2019-11-03T14:00:28.000Z,118.05416,24.471773,20,20550
2019-11-03T14:00:47.000Z,118.053932,24.471352,20,20590
2019-11-03T14:01:07.000Z,118.053213,24.470003,20,20640
2019-11-03T14:01:27.000Z,118.052903,24.469432,20,20660
2019-11-03T14:01:46.000Z,118.052438,24.468522,21,20560
2019-11-03T14:02:07.000Z,118.051967,24.467558,21,20420
2019-11-03T14:02:21.000Z,118.051717,24.467023,21,20360
2019-11-03T14:02:46.000Z,118.051082,24.465665,21,20340
2019-11-03T14:03:07.000Z,118.050583,24.464585,21,20290
2019-11-03T14:03:28.000Z,118.049887,24.463128,21,20390
2019-11-03T14:03:47.000Z,118.049668,24.462688,21,20410
2019-11-03T14:04:07.000Z,118.049203,24.461712,21,20330
2019-11-03T14:04:26.000Z,118.048747,24.460785,21,20430
2019-11-03T14:04:46.000Z,118.048268,24.459758,21,20380
2019-11-03T14:05:07.000Z,118.047785,24.458722,21,20360
2019-11-03T14:05:27.000Z,118.047332,24.457803,21,20450
2019-11-03T14:05:47.000Z,118.046683,24.456425,20,20250
2019-11-03T14:06:07.000Z,118.046482,24.455903,20,20050
2019-11-03T14:06:28.000Z,118.045952,24.454457,19,19890
2019-11-03T14:06:47.000Z,118.045627,24.453622,19,19850
2019-11-03T14:07:07.000Z,118.04546,24.453102,19,19690
2019-11-03T14:07:14.000Z,118.045293,24.452343,19,19180
2019-11-03T14:07:21.000Z,118.045257,24.452012,19,18850
2019-11-03T14:07:34.000Z,118.045242,24.451397,18,18300
2019-11-03T14:07:40.000Z,118.045245,24.451068,18,18150
2019-11-03T14:08:08.000Z,118.045253,24.449742,18,17940
2019-11-03T14:08:26.000Z,118.04526,24.4493,19,17910
2019-11-03T14:08:46.000Z,118.045295,24.448373,19,17810
2019-11-03T14:09:07.000Z,118.045323,24.447318,20,17860
2019-11-03T14:09:28.000Z,118.04537,24.445807,20,17860
2019-11-03T14:09:47.000Z,118.045397,24.444782,20,17870
2019-11-03T14:10:28.000Z,118.045487,24.442662,20,17770
2019-11-03T14:10:47.000Z,118.045508,24.441722,20,17840
2019-11-03T14:11:07.000Z,118.045553,24.440678,20,17770
2019-11-03T14:11:27.000Z,118.0456,24.439572,21,17810
2019-11-03T14:11:47.000Z,118.045622,24.438557,21,17860
2019-11-03T14:12:07.000Z,118.04571,24.437443,21,17540
2019-11-03T14:12:21.000Z,118.04586,24.436785,20,17020
2019-11-03T14:12:34.000Z,118.046107,24.43617,20,16250
2019-11-03T14:12:41.000Z,118.046288,24.435862,19,15680
2019-11-03T14:13:00.000Z,118.046907,24.435117,18,14360
2019-11-03T14:13:20.000Z,118.04763,24.434505,17,13400
2019-11-03T14:13:46.000Z,118.048248,24.43407,17,12950
2019-11-03T14:14:07.000Z,118.04942,24.433262,17,12770
2019-11-03T14:14:27.000Z,118.050232,24.43273,18,12620
2019-11-03T14:14:45.000Z,118.05063,24.432448,18,12690
2019-11-03T14:15:06.000Z,118.051478,24.431877,18,12660
2019-11-03T14:15:27.000Z,118.05266,24.431077,18,12710
2019-11-03T14:15:48.000Z,118.053155,24.430738,18,12660
2019-11-03T14:16:07.000Z,118.054355,24.42998,19,12480
2019-11-03T14:16:26.000Z,118.054828,24.429702,18,12330
2019-11-03T14:16:46.000Z,118.056075,24.428908,19,12430
2019-11-03T14:17:07.000Z,118.057018,24.428373,19,12220
2019-11-03T14:17:26.000Z,118.057425,24.428143,19,12190
2019-11-03T14:17:41.000Z,118.057928,24.427867000000006,19,12140
2019-11-03T14:18:06.000Z,118.059317,24.42712,19,12080
2019-11-03T14:18:26.000Z,118.060248,24.426613,19,12090
2019-11-03T14:18:47.000Z,118.06165,24.425825,20,12140
2019-11-03T14:19:06.000Z,118.062077,24.425595,20,12090
2019-11-03T14:19:26.000Z,118.063027,24.425072,20,12130
2019-11-03T14:19:47.000Z,118.064508,24.424253,20,12090
2019-11-03T14:20:07.000Z,118.065482,24.423732,20,12080
2019-11-03T14:20:27.000Z,118.06596299999998,24.42346,20,12140
2019-11-03T14:20:47.000Z,118.067397,24.42265,20,12190
2019-11-03T14:21:06.000Z,118.067828,24.422403,20,12210
2019-11-03T14:21:26.000Z,118.068777,24.42185,20,12260
2019-11-03T14:21:47.000Z,118.069822,24.421263,20,12170
2019-11-03T14:22:07.000Z,118.070717,24.420767,20,12150
2019-11-03T14:22:26.000Z,118.07161,24.420255,20,12180
2019-11-03T14:22:47.000Z,118.073053,24.419443,20,12170
2019-11-03T14:23:07.000Z,118.07398,24.418938,19,12100
2019-11-03T14:23:28.000Z,118.074925,24.418407,19,12140
2019-11-03T14:23:47.000Z,118.075767,24.417935,19,12170
2019-11-03T14:24:26.000Z,118.077032,24.417223,18,12180
2019-11-03T14:24:47.000Z,118.078357,24.416465,18,12200
2019-11-03T14:25:06.000Z,118.078777,24.416218,18,12240
2019-11-03T14:25:27.000Z,118.079613,24.415745,17,12160
2019-11-03T14:25:47.000Z,118.0809,24.415127,17,11700
2019-11-03T14:26:26.000Z,118.082145,24.414583,17,11540
2019-11-03T14:26:47.000Z,118.083483,24.414027,17,11460
2019-11-03T14:27:07.000Z,118.083905,24.413833,17,11590
2019-11-03T14:27:27.000Z,118.084735,24.413437,17,11780
2019-11-03T14:27:47.000Z,118.085965,24.412828,16,11840
2019-11-03T14:28:08.000Z,118.086812,24.412392,16,12010
2019-11-03T14:28:27.000Z,118.087213,24.41217,17,12100
2019-11-03T14:28:47.000Z,118.088405,24.411502,17,12180
2019-11-03T14:29:07.000Z,118.088825,24.411267,17,12160
2019-11-03T14:29:27.000Z,118.090055,24.410547,18,12300
2019-11-03T14:29:46.000Z,118.090487,24.410288,18,12320
2019-11-03T14:30:06.000Z,118.091407,24.409732,19,12380
2019-11-03T14:30:27.000Z,118.092722,24.408927,20,12390
2019-11-03T14:30:48.000Z,118.09371000000002,24.408313,20,12450
2019-11-03T14:31:07.000Z,118.09419,24.408015,21,12460
2019-11-03T14:31:27.000Z,118.095658,24.407105,21,12450
2019-11-03T14:31:46.000Z,118.096157,24.406788,22,12470
2019-11-03T14:32:05.000Z,118.097115,24.406205,22,12380
2019-11-03T14:32:27.000Z,118.098592,24.405162,22,12810
2019-11-03T14:32:47.000Z,118.099123,24.404757,22,12980
2019-11-03T14:33:01.000Z,118.099595,24.404365,22,13130
2019-11-03T14:33:27.000Z,118.101407,24.402717000000006,23,13780
2019-11-03T14:33:46.000Z,118.10183700000002,24.402275,23,13790
2019-11-03T14:34:06.000Z,118.10264,24.401423,23,13930
2019-11-03T14:34:27.000Z,118.103912,24.400062,23,13960
2019-11-03T14:34:48.000Z,118.10485,24.399055,23,13980
2019-11-03T14:35:05.000Z,118.10519,24.398687,24,13990
2019-11-03T14:35:27.000Z,118.10613,24.397667,24,13990
2019-11-03T14:35:46.000Z,118.107322,24.396365,24,14020
2019-11-03T14:36:06.000Z,118.107745,24.3959,24,14010
2019-11-03T14:36:27.000Z,118.109002,24.394495000000006,24,14150
2019-11-03T14:36:46.000Z,118.109882,24.393557,24,13990
2019-11-03T14:37:07.000Z,118.110772,24.392638,24,13890
2019-11-03T14:37:26.000Z,118.111217,24.392182,24,13870
2019-11-03T14:37:46.000Z,118.112553,24.390817,24,13900
2019-11-03T14:38:06.000Z,118.113,24.390365,24,13860
2019-11-03T14:38:26.000Z,118.11393,24.38942,24,13800
2019-11-03T14:38:46.000Z,118.115212,24.388118,24,13790
2019-11-03T14:39:07.000Z,118.115703,24.387627,24,13800
2019-11-03T14:39:26.000Z,118.116538,24.386765,24,13850
2019-11-03T14:39:47.000Z,118.11746,24.38581,24,13880
2019-11-03T14:40:06.000Z,118.118337,24.3849,24,13870
2019-11-03T14:40:25.000Z,118.119175,24.384035,24,13890
2019-11-03T14:40:47.000Z,118.120098,24.38308,24,13870
2019-11-03T14:41:06.000Z,118.120918,24.3822,24,13950
2019-11-03T14:41:28.000Z,118.12228799999998,24.380778,24,13890
2019-11-03T14:41:47.000Z,118.123165,24.379848000000006,24,13940
2019-11-03T14:42:06.000Z,118.123603,24.379383,24,13910
2019-11-03T14:42:26.000Z,118.12446,24.378523,24,13810
2019-11-03T14:42:47.000Z,118.125807,24.377095,24,13910
2019-11-03T14:43:07.000Z,118.126645,24.37623,24,13900
2019-11-03T14:43:26.000Z,118.127127,24.375722,24,13920
2019-11-03T14:43:47.000Z,118.12846,24.374355,24,13810
2019-11-03T14:44:07.000Z,118.128925,24.373918,24,13670
2019-11-03T14:44:28.000Z,118.130307,24.372595,24,13610
2019-11-03T14:45:07.000Z,118.13213799999998,24.370827,24,13650
2019-11-03T14:45:25.000Z,118.13256,24.37045,24,13580
2019-11-03T14:45:47.000Z,118.133538,24.36954,24,13530
2019-11-03T14:46:07.000Z,118.134875,24.368245,24,13660
2019-11-03T14:46:26.000Z,118.135342,24.367828,24,13540
2019-11-03T14:46:46.000Z,118.13675,24.366513,24,13570
2019-11-03T14:47:06.000Z,118.137253,24.366038,24,13580
