timestamp,longitude,latitude,speed,direction
2019-03-07T22:00:00.000Z,55.057933,24.987867,0,28400
2019-03-07T22:00:00.000Z,55.057933,24.987867,0,28400
2019-03-07T22:35:49.000Z,55.05818299999999,24.987817,0,30100
2019-03-07T22:35:49.000Z,55.05818299999999,24.987817,0,30100
2019-03-07T23:18:09.000Z,55.0583,24.98785,0,22400
2019-03-07T23:18:09.000Z,55.0583,24.98785,0,22400
2019-03-07T23:58:59.000Z,55.058,24.987917000000003,0,23700
2019-03-07T23:58:59.000Z,55.058,24.987917000000003,0,23700
2019-03-08T00:36:39.000Z,55.05801700000001,24.98775,0,20300
2019-03-08T00:36:39.000Z,55.05801700000001,24.98775,0,20300
2019-03-08T01:17:09.000Z,55.058033,24.9878,0,23200
2019-03-08T01:17:09.000Z,55.058033,24.9878,0,23200
2019-03-08T01:55:29.000Z,55.058033,24.987733,0,19600
2019-03-08T01:55:29.000Z,55.058033,24.987733,0,19600
2019-03-08T02:49:00.000Z,55.05805,24.9878,0,16360
2019-03-08T02:49:00.000Z,55.05805,24.9878,0,16360
2019-03-08T02:55:20.000Z,55.058517,24.987367000000006,0,15030
2019-03-08T02:55:20.000Z,55.058517,24.987367000000006,0,15030
2019-03-08T03:06:40.000Z,55.0582,24.987617,0,12700
2019-03-08T03:06:40.000Z,55.0582,24.987617,0,12700
2019-03-08T03:12:50.000Z,55.058133,24.987483,0,27300
2019-03-08T03:12:50.000Z,55.058133,24.987483,0,27300
2019-03-08T03:19:10.000Z,55.057917,24.98795,0,31160
2019-03-08T03:19:10.000Z,55.057917,24.98795,0,31160
2019-03-08T03:25:31.000Z,55.058233,24.98755,0,17400
2019-03-08T03:25:31.000Z,55.058233,24.98755,0,17400
2019-03-08T03:28:40.000Z,55.058317,24.987683,0,14490
2019-03-08T03:28:40.000Z,55.058317,24.987683,0,14490
2019-03-08T03:31:50.000Z,55.058133,24.9879,0,13500
2019-03-08T03:31:50.000Z,55.058133,24.9879,0,13500
2019-03-08T03:34:51.000Z,55.05818299999999,24.9878,0,13400
2019-03-08T03:34:51.000Z,55.05818299999999,24.9878,0,13400
2019-03-08T03:41:11.000Z,55.057867,24.987817,0,5700
2019-03-08T03:41:11.000Z,55.057867,24.987817,0,5700
2019-03-08T03:44:20.000Z,55.05798299999999,24.9877,0,14700
2019-03-08T03:44:20.000Z,55.05798299999999,24.9877,0,14700
2019-03-08T03:47:31.000Z,55.058117,24.987717,0,12500
2019-03-08T03:47:31.000Z,55.058117,24.987717,0,12500
2019-03-08T03:54:01.000Z,55.05796700000001,24.987867,0,26500
2019-03-08T03:54:01.000Z,55.05796700000001,24.987867,0,26500
2019-03-08T04:00:21.000Z,55.05816700000001,24.9876,0,9900
2019-03-08T04:00:21.000Z,55.05816700000001,24.9876,0,9900
2019-03-08T04:06:41.000Z,55.05801700000001,24.98775,0,9900
2019-03-08T04:06:41.000Z,55.05801700000001,24.98775,0,9900
2019-03-08T04:13:01.000Z,55.05798299999999,24.987817,0,10380
2019-03-08T04:13:01.000Z,55.05798299999999,24.987817,0,10380
2019-03-08T04:19:21.000Z,55.058133,24.987817,0,6900
2019-03-08T04:19:21.000Z,55.058133,24.987817,0,6900
2019-03-08T04:25:51.000Z,55.0581,24.98795,0,10100
2019-03-08T04:25:51.000Z,55.0581,24.98795,0,10100
2019-03-08T04:29:01.000Z,55.05815,24.987783,0,9300
2019-03-08T04:29:01.000Z,55.05815,24.987783,0,9300
2019-03-08T04:32:10.000Z,55.05781700000001,24.988217,0,13190
2019-03-08T04:32:10.000Z,55.05781700000001,24.988217,0,13190
2019-03-08T04:35:20.000Z,55.05818299999999,24.9879,0,8980
2019-03-08T04:35:20.000Z,55.05818299999999,24.9879,0,8980
2019-03-08T04:41:32.000Z,55.057683,24.987917000000003,0,10240
2019-03-08T04:41:32.000Z,55.057683,24.987917000000003,0,10240
2019-03-08T04:44:41.000Z,55.058067,24.987917000000003,0,10100
2019-03-08T04:44:41.000Z,55.058067,24.987917000000003,0,10100
2019-03-08T04:47:52.000Z,55.058117,24.9877,0,10480
2019-03-08T04:47:52.000Z,55.058117,24.9877,0,10480
2019-03-08T04:54:02.000Z,55.05816700000001,24.987683,0,13250
2019-03-08T04:54:02.000Z,55.05816700000001,24.987683,0,13250
2019-03-08T05:00:21.000Z,55.057933,24.987933,0,12000
2019-03-08T05:00:21.000Z,55.057933,24.987933,0,12000
2019-03-08T05:06:52.000Z,55.05798299999999,24.98795,0,11830
2019-03-08T05:06:52.000Z,55.05798299999999,24.98795,0,11830
2019-03-08T05:13:22.000Z,55.05815,24.987667,0,11340
2019-03-08T05:13:22.000Z,55.05815,24.987667,0,11340
2019-03-08T05:19:41.000Z,55.0582,24.9877,0,10060
2019-03-08T05:19:41.000Z,55.0582,24.9877,0,10060
2019-03-08T05:23:01.000Z,55.058117,24.987917000000003,0,13060
2019-03-08T05:23:01.000Z,55.058117,24.987917000000003,0,13060
2019-03-08T05:29:22.000Z,55.058133,24.987683,0,10700
2019-03-08T05:29:22.000Z,55.058133,24.987683,0,10700
2019-03-08T05:32:31.000Z,55.05796700000001,24.987767,0,9700
2019-03-08T05:32:31.000Z,55.05796700000001,24.987767,0,9700
2019-03-08T05:35:32.000Z,55.05795,24.987933,0,9170
2019-03-08T05:35:32.000Z,55.05795,24.987933,0,9170
2019-03-08T05:41:41.000Z,55.057933,24.98795,0,12900
2019-03-08T05:41:41.000Z,55.057933,24.98795,0,12900
2019-03-08T05:44:51.000Z,55.0581,24.987767,0,12500
2019-03-08T05:44:51.000Z,55.0581,24.987767,0,12500
2019-03-08T05:48:02.000Z,55.05795,24.987867,0,12410
2019-03-08T05:48:02.000Z,55.05795,24.987867,0,12410
2019-03-08T05:51:12.000Z,55.05805,24.987917000000003,0,11890
2019-03-08T05:51:12.000Z,55.05805,24.987917000000003,0,11890
2019-03-08T05:54:23.000Z,55.05798299999999,24.987917000000003,0,12700
2019-03-08T05:54:23.000Z,55.05798299999999,24.987917000000003,0,12700
2019-03-08T06:03:02.000Z,55.05805,24.987833,0,18460
2019-03-08T06:03:02.000Z,55.05805,24.987833,0,18460
2019-03-08T06:06:11.000Z,55.05805,24.987983,0,15400
2019-03-08T06:06:11.000Z,55.05805,24.987983,0,15400
2019-03-08T06:11:03.000Z,55.05781700000001,24.987833,0,15130
2019-03-08T06:11:03.000Z,55.05781700000001,24.987833,0,15130
2019-03-08T06:17:13.000Z,55.058,24.9879,0,13350
2019-03-08T06:17:13.000Z,55.058,24.9879,0,13350
2019-03-08T06:23:23.000Z,55.058067,24.987967,0,600
2019-03-08T06:23:23.000Z,55.058067,24.987967,0,600
2019-03-08T06:29:42.000Z,55.05785,24.988133,0,15400
2019-03-08T06:29:42.000Z,55.05785,24.988133,0,15400
2019-03-08T06:35:52.000Z,55.058117,24.987983,0,30100
2019-03-08T06:35:52.000Z,55.058117,24.987983,0,30100
2019-03-08T06:42:21.000Z,55.057733,24.988000000000003,0,11100
2019-03-08T06:42:21.000Z,55.057733,24.988000000000003,0,11100
2019-03-08T06:48:41.000Z,55.05795,24.987883,0,5220
2019-03-08T06:48:41.000Z,55.05795,24.987883,0,5220
2019-03-08T06:51:51.000Z,55.05785,24.988017000000006,0,8800
2019-03-08T06:51:51.000Z,55.05785,24.988017000000006,0,8800
2019-03-08T06:58:01.000Z,55.05785,24.987967,0,8800
2019-03-08T06:58:01.000Z,55.05785,24.987967,0,8800
2019-03-08T07:01:12.000Z,55.05798299999999,24.987883,0,7100
2019-03-08T07:01:12.000Z,55.05798299999999,24.987883,0,7100
2019-03-08T07:07:31.000Z,55.058267,24.987717,0,8500
2019-03-08T07:07:31.000Z,55.058267,24.987717,0,8500
2019-03-08T07:10:42.000Z,55.058217000000006,24.9879,0,8600
2019-03-08T07:10:42.000Z,55.058217000000006,24.9879,0,8600
2019-03-08T07:16:52.000Z,55.05825,24.987967,0,8620
2019-03-08T07:16:52.000Z,55.05825,24.987967,0,8620
2019-03-08T07:23:22.000Z,55.058,24.9879,0,6980
2019-03-08T07:23:22.000Z,55.058,24.9879,0,6980
2019-03-08T07:26:31.000Z,55.05801700000001,24.988083,0,7930
2019-03-08T07:26:31.000Z,55.05801700000001,24.988083,0,7930
2019-03-08T07:29:32.000Z,55.058117,24.987967,0,6000
2019-03-08T07:29:32.000Z,55.058117,24.987967,0,6000
2019-03-08T07:35:52.000Z,55.058,24.988067,0,8010
2019-03-08T07:35:52.000Z,55.058,24.988067,0,8010
2019-03-08T07:41:21.000Z,55.057883,24.987883,0,6000
2019-03-08T07:41:21.000Z,55.057883,24.987883,0,6000
2019-03-08T07:47:32.000Z,55.05795,24.9878,0,12690
2019-03-08T07:47:32.000Z,55.05795,24.9878,0,12690
2019-03-08T07:50:43.000Z,55.05798299999999,24.988033,0,15000
2019-03-08T07:50:43.000Z,55.05798299999999,24.988033,0,15000
2019-03-08T07:53:52.000Z,55.058117,24.98785,0,12600
2019-03-08T07:53:52.000Z,55.058117,24.98785,0,12600
2019-03-08T08:00:02.000Z,55.05815,24.987783,0,15200
2019-03-08T08:00:02.000Z,55.05815,24.987783,0,15200
2019-03-08T08:03:03.000Z,55.058033,24.988000000000003,0,15780
2019-03-08T08:03:03.000Z,55.058033,24.988000000000003,0,15780
2019-03-08T08:06:12.000Z,55.0581,24.987883,0,17810
2019-03-08T08:06:12.000Z,55.0581,24.987883,0,17810
2019-03-08T08:10:03.000Z,55.05796700000001,24.987833,0,20700
2019-03-08T08:10:03.000Z,55.05796700000001,24.987833,0,20700
2019-03-08T08:16:22.000Z,55.058,24.9879,0,14420
2019-03-08T08:16:22.000Z,55.058,24.9879,0,14420
2019-03-08T08:25:42.000Z,55.05796700000001,24.987867,0,15410
2019-03-08T08:25:42.000Z,55.05796700000001,24.987867,0,15410
2019-03-08T08:31:54.000Z,55.058117,24.987783,0,10600
2019-03-08T08:31:54.000Z,55.058117,24.987783,0,10600
2019-03-08T08:35:01.000Z,55.058033,24.98795,0,12400
2019-03-08T08:35:01.000Z,55.058033,24.98795,0,12400
2019-03-08T08:38:13.000Z,55.057917,24.987883,0,17300
2019-03-08T08:38:13.000Z,55.057917,24.987883,0,17300
2019-03-08T08:44:32.000Z,55.05805,24.987817,0,34360
2019-03-08T08:44:32.000Z,55.05805,24.987817,0,34360
2019-03-08T08:50:52.000Z,55.058033,24.987917000000003,0,31990
2019-03-08T08:50:52.000Z,55.058033,24.987917000000003,0,31990
2019-03-08T08:57:22.000Z,55.05801700000001,24.987917000000003,0,21200
2019-03-08T08:57:22.000Z,55.05801700000001,24.987917000000003,0,21200
2019-03-08T09:03:32.000Z,55.05801700000001,24.987883,0,20400
2019-03-08T09:03:32.000Z,55.05801700000001,24.987883,0,20400
2019-03-08T09:06:41.000Z,55.05846700000001,24.988033,0,10400
2019-03-08T09:06:41.000Z,55.05846700000001,24.988033,0,10400
2019-03-08T09:09:52.000Z,55.05796700000001,24.98795,0,27630
2019-03-08T09:09:52.000Z,55.05796700000001,24.98795,0,27630
2019-03-08T09:16:13.000Z,55.058,24.9879,0,19900
2019-03-08T09:16:13.000Z,55.058,24.9879,0,19900
2019-03-08T09:19:23.000Z,55.05798299999999,24.988017000000006,0,16100
2019-03-08T09:19:23.000Z,55.05798299999999,24.988017000000006,0,16100
2019-03-08T09:22:33.000Z,55.057933,24.98785,0,20300
2019-03-08T09:22:33.000Z,55.057933,24.98785,0,20300
2019-03-08T09:25:43.000Z,55.058217000000006,24.9879,0,18200
2019-03-08T09:25:43.000Z,55.058217000000006,24.9879,0,18200
2019-03-08T09:32:03.000Z,55.05795,24.988133,0,19500
2019-03-08T09:32:03.000Z,55.05795,24.988133,0,19500
2019-03-08T09:35:13.000Z,55.05805,24.987967,0,19500
2019-03-08T09:35:13.000Z,55.05805,24.987967,0,19500
2019-03-08T09:38:23.000Z,55.05795,24.987917000000003,0,22000
2019-03-08T09:38:23.000Z,55.05795,24.987917000000003,0,22000
2019-03-08T09:45:14.000Z,55.0579,24.988000000000003,0,8300
2019-03-08T09:45:14.000Z,55.0579,24.988000000000003,0,8300
2019-03-08T09:48:23.000Z,55.057833,24.98805,0,8320
2019-03-08T09:48:23.000Z,55.057833,24.98805,0,8320
2019-03-08T09:52:03.000Z,55.05801700000001,24.98795,0,4800
2019-03-08T09:52:03.000Z,55.05801700000001,24.98795,0,4800
2019-03-08T09:55:04.000Z,55.05796700000001,24.98795,0,6080
2019-03-08T09:55:04.000Z,55.05796700000001,24.98795,0,6080
2019-03-08T09:58:14.000Z,55.05801700000001,24.987833,0,28900
2019-03-08T09:58:14.000Z,55.05801700000001,24.987833,0,28900
2019-03-08T10:04:23.000Z,55.05765,24.987867,0,25000
2019-03-08T10:04:23.000Z,55.05765,24.987867,0,25000
2019-03-08T10:07:32.000Z,55.058033,24.988017000000006,0,25000
2019-03-08T10:07:32.000Z,55.058033,24.988017000000006,0,25000
2019-03-08T10:15:13.000Z,55.05781700000001,24.987983,0,3500
2019-03-08T10:15:13.000Z,55.05781700000001,24.987983,0,3500
2019-03-08T10:18:22.000Z,55.0578,24.987933,0,15800
2019-03-08T10:18:22.000Z,55.0578,24.987933,0,15800
2019-03-08T10:21:23.000Z,55.057733,24.988083,0,35100
2019-03-08T10:21:23.000Z,55.057733,24.988083,0,35100
2019-03-08T10:27:31.000Z,55.057517,24.987983,0,22700
2019-03-08T10:27:31.000Z,55.057517,24.987983,0,22700
2019-03-08T10:30:32.000Z,55.05785,24.987817,0,5160
2019-03-08T10:30:32.000Z,55.05785,24.987817,0,5160
2019-03-08T10:33:42.000Z,55.05795,24.987833,0,3990
2019-03-08T10:33:42.000Z,55.05795,24.987833,0,3990
2019-03-08T10:40:01.000Z,55.058067,24.987917000000003,0,3930
2019-03-08T10:40:01.000Z,55.058067,24.987917000000003,0,3930
2019-03-08T10:43:02.000Z,55.05805,24.988067,0,3930
2019-03-08T10:43:02.000Z,55.05805,24.988067,0,3930
2019-03-08T10:45:12.000Z,55.057917,24.98815,0,18450
2019-03-08T10:45:12.000Z,55.057917,24.98815,0,18450
2019-03-08T10:51:23.000Z,55.058133,24.9879,0,13000
2019-03-08T10:51:23.000Z,55.058133,24.9879,0,13000
2019-03-08T10:54:32.000Z,55.058333,24.988133,0,20700
2019-03-08T10:54:32.000Z,55.058333,24.988133,0,20700
2019-03-08T10:57:43.000Z,55.0581,24.988233,0,22000
2019-03-08T10:57:43.000Z,55.0581,24.988233,0,22000
2019-03-08T11:04:03.000Z,55.058217000000006,24.987917000000003,0,24800
2019-03-08T11:04:03.000Z,55.058217000000006,24.987917000000003,0,24800
2019-03-08T11:07:12.000Z,55.05795,24.987983,0,22140
2019-03-08T11:07:12.000Z,55.05795,24.987983,0,22140
2019-03-08T11:10:23.000Z,55.05781700000001,24.988167,0,19700
2019-03-08T11:10:23.000Z,55.05781700000001,24.988167,0,19700
2019-03-08T11:13:34.000Z,55.058133,24.988217,0,20920
2019-03-08T11:13:34.000Z,55.058133,24.988217,0,20920
2019-03-08T11:19:43.000Z,55.058133,24.98785,0,21770
2019-03-08T11:19:43.000Z,55.058133,24.98785,0,21770
2019-03-08T11:22:52.000Z,55.05785,24.987967,0,32630
2019-03-08T11:22:52.000Z,55.05785,24.987967,0,32630
2019-03-08T11:26:03.000Z,55.05765,24.9878,0,32400
2019-03-08T11:26:03.000Z,55.05765,24.9878,0,32400
2019-03-08T11:32:13.000Z,55.057933,24.988033,0,32500
2019-03-08T11:32:13.000Z,55.057933,24.988033,0,32500
2019-03-08T11:35:23.000Z,55.05796700000001,24.98795,0,25350
2019-03-08T11:35:23.000Z,55.05796700000001,24.98795,0,25350
2019-03-08T11:38:33.000Z,55.058067,24.988317,0,19450
2019-03-08T11:38:33.000Z,55.058067,24.988317,0,19450
2019-03-08T11:45:12.000Z,55.057883,24.988128,0,12460
2019-03-08T11:45:12.000Z,55.057883,24.988128,0,12460
2019-03-08T11:48:15.000Z,55.057803,24.988053,0,29300
2019-03-08T11:48:15.000Z,55.057803,24.988053,0,29300
2019-03-08T11:51:32.000Z,55.05809300000001,24.98809,0,22310
2019-03-08T11:51:32.000Z,55.05809300000001,24.98809,0,22310
2019-03-08T11:54:54.000Z,55.05815,24.98805,0,13500
2019-03-08T11:54:54.000Z,55.05815,24.98805,0,13500
2019-03-08T12:01:03.000Z,55.05801700000001,24.987917000000003,0,24300
2019-03-08T12:01:03.000Z,55.05801700000001,24.987917000000003,0,24300
2019-03-08T12:04:05.000Z,55.05816700000001,24.98795,0,27650
2019-03-08T12:04:05.000Z,55.05816700000001,24.98795,0,27650
2019-03-08T12:07:22.000Z,55.058067,24.987983,0,18200
2019-03-08T12:07:22.000Z,55.058067,24.987983,0,18200
2019-03-08T12:13:24.000Z,55.05815,24.987817,0,28200
2019-03-08T12:13:24.000Z,55.05815,24.987817,0,28200
2019-03-08T12:16:43.000Z,55.0582,24.98785,0,26000
2019-03-08T12:16:43.000Z,55.0582,24.98785,0,26000
2019-03-08T12:19:45.000Z,55.05796700000001,24.98785,0,26100
2019-03-08T12:19:45.000Z,55.05796700000001,24.98785,0,26100
2019-03-08T12:23:13.000Z,55.05776700000001,24.988033,0,13830
2019-03-08T12:23:13.000Z,55.05776700000001,24.988033,0,13830
2019-03-08T12:26:35.000Z,55.0581,24.988117000000006,0,31500
2019-03-08T12:26:35.000Z,55.0581,24.988117000000006,0,31500
2019-03-08T12:30:34.000Z,55.058133,24.988067,0,24600
2019-03-08T12:30:34.000Z,55.058133,24.988067,0,24600
2019-03-08T12:33:43.000Z,55.05816700000001,24.988000000000003,0,10650
2019-03-08T12:33:43.000Z,55.05816700000001,24.988000000000003,0,10650
2019-03-08T12:36:44.000Z,55.05801700000001,24.987933,0,23100
2019-03-08T12:36:44.000Z,55.05801700000001,24.987933,0,23100
2019-03-08T12:43:43.000Z,55.05798299999999,24.987967,0,24200
2019-03-08T12:43:43.000Z,55.05798299999999,24.987967,0,24200
2019-03-08T12:46:46.000Z,55.0579,24.988000000000003,0,25600
2019-03-08T12:46:46.000Z,55.0579,24.988000000000003,0,25600
2019-03-08T12:51:03.000Z,55.05776700000001,24.9881,0,25290
2019-03-08T12:51:03.000Z,55.05776700000001,24.9881,0,25290
2019-03-08T12:54:13.000Z,55.05818299999999,24.987933,0,14690
2019-03-08T12:54:13.000Z,55.05818299999999,24.987933,0,14690
2019-03-08T12:57:35.000Z,55.058,24.98795,0,24900
2019-03-08T12:57:35.000Z,55.058,24.98795,0,24900
2019-03-08T13:04:14.000Z,55.0576,24.9879,0,25000
2019-03-08T13:04:14.000Z,55.0576,24.9879,0,25000
2019-03-08T13:07:24.000Z,55.0578,24.987733,0,25200
2019-03-08T13:07:24.000Z,55.0578,24.987733,0,25200
2019-03-08T13:11:03.000Z,55.057833,24.98795,0,25020
2019-03-08T13:11:03.000Z,55.057833,24.98795,0,25020
2019-03-08T13:14:33.000Z,55.05785,24.98775,0,24490
2019-03-08T13:14:33.000Z,55.05785,24.98775,0,24490
2019-03-08T13:17:43.000Z,55.05785,24.9876,0,24490
2019-03-08T13:17:43.000Z,55.05785,24.9876,0,24490
2019-03-08T13:20:44.000Z,55.057917,24.98775,0,24000
2019-03-08T13:20:44.000Z,55.057917,24.98775,0,24000
2019-03-08T13:24:17.000Z,55.05785,24.987917000000003,0,22920
2019-03-08T13:24:17.000Z,55.05785,24.987917000000003,0,22920
2019-03-08T13:28:44.000Z,55.0579,24.987817,0,24700
2019-03-08T13:28:44.000Z,55.0579,24.987817,0,24700
2019-03-08T13:35:45.000Z,55.058,24.98755,0,22690
2019-03-08T13:35:45.000Z,55.058,24.98755,0,22690
2019-03-08T13:38:55.000Z,55.05805,24.987717,0,16650
2019-03-08T13:38:55.000Z,55.05805,24.987717,0,16650
2019-03-08T13:42:17.000Z,55.058067,24.987683,0,22700
2019-03-08T13:42:17.000Z,55.058067,24.987683,0,22700
2019-03-08T13:45:45.000Z,55.058,24.987933,0,19590
2019-03-08T13:45:45.000Z,55.058,24.987933,0,19590
2019-03-08T13:45:45.000Z,55.058,24.987933,0,19590
2019-03-08T13:50:16.000Z,55.058083,24.987717,0,15060
2019-03-08T13:50:16.000Z,55.058083,24.987717,0,15060
2019-03-08T13:50:16.000Z,55.058083,24.987717,0,15060
2019-03-08T13:53:37.000Z,55.058133,24.987783,0,13600
2019-03-08T13:53:37.000Z,55.058133,24.987783,0,13600
2019-03-08T13:53:37.000Z,55.058133,24.987783,0,13600
2019-03-08T13:55:19.000Z,55.05798299999999,24.987933,0,13630
2019-03-08T13:57:16.000Z,55.05798299999999,24.987967,0,13630
2019-03-08T13:57:16.000Z,55.05798299999999,24.987967,0,13630
2019-03-08T13:57:16.000Z,55.05798299999999,24.987967,0,13630
2019-03-08T14:02:26.000Z,55.05795,24.987833,0,9560
2019-03-08T14:02:26.000Z,55.05795,24.987833,0,9560
2019-03-08T14:02:26.000Z,55.05795,24.987833,0,9560
2019-03-08T14:06:55.000Z,55.058117,24.9879,0,8100
2019-03-08T14:06:55.000Z,55.058117,24.9879,0,8100
2019-03-08T14:06:55.000Z,55.058117,24.9879,0,8100
2019-03-08T14:09:07.000Z,55.05801700000001,24.98785,0,35290
2019-03-08T14:10:27.000Z,55.057933,24.987883,0,70
2019-03-08T14:10:27.000Z,55.057933,24.987883,0,70
2019-03-08T14:10:27.000Z,55.057933,24.987883,0,70
2019-03-08T14:14:28.000Z,55.05805,24.987967,0,35030
2019-03-08T14:14:28.000Z,55.05805,24.987967,0,35030
2019-03-08T14:14:28.000Z,55.05805,24.987967,0,35030
2019-03-08T14:18:18.000Z,55.057867,24.98785,0,1200
2019-03-08T14:18:18.000Z,55.057867,24.98785,0,1200
2019-03-08T14:18:18.000Z,55.057867,24.98785,0,1200
2019-03-08T14:22:47.000Z,55.05795,24.987933,0,34800
2019-03-08T14:22:47.000Z,55.05795,24.987933,0,34800
2019-03-08T14:22:47.000Z,55.05795,24.987933,0,34800
2019-03-08T14:26:36.000Z,55.05796700000001,24.987967,0,33600
2019-03-08T14:26:36.000Z,55.05796700000001,24.987967,0,33600
2019-03-08T14:26:36.000Z,55.05796700000001,24.987967,0,33600
2019-03-08T14:30:51.000Z,55.05798299999999,24.987933,0,33010
2019-03-08T14:30:51.000Z,55.05798299999999,24.987933,0,33010
2019-03-08T14:30:51.000Z,55.05798299999999,24.987933,0,33010
2019-03-08T14:33:56.000Z,55.05798299999999,24.987917000000003,0,17400
2019-03-08T14:33:56.000Z,55.05798299999999,24.987917000000003,0,17400
2019-03-08T14:33:56.000Z,55.05798299999999,24.987917000000003,0,17400
2019-03-08T14:35:35.000Z,55.05796700000001,24.9879,0,33500
2019-03-08T14:37:47.000Z,55.057917,24.98795,0,33700
2019-03-08T14:37:47.000Z,55.057917,24.98795,0,33700
2019-03-08T14:37:47.000Z,55.057917,24.98795,0,33700
2019-03-08T14:41:28.000Z,55.05795,24.987917000000003,0,34800
2019-03-08T14:41:28.000Z,55.05795,24.987917000000003,0,34800
2019-03-08T14:41:28.000Z,55.05795,24.987917000000003,0,34800
2019-03-08T14:44:47.000Z,55.05805,24.9878,0,32870
2019-03-08T14:44:47.000Z,55.05805,24.9878,0,32870
2019-03-08T14:44:47.000Z,55.05805,24.9878,0,32870
2019-03-08T14:48:15.000Z,55.05801700000001,24.987867,0,32900
2019-03-08T14:48:15.000Z,55.05801700000001,24.987867,0,32900
2019-03-08T14:48:15.000Z,55.05801700000001,24.987867,0,32900
2019-03-08T14:53:05.000Z,55.05795,24.987867,0,14780
2019-03-08T14:53:05.000Z,55.05795,24.987867,0,14780
2019-03-08T14:53:05.000Z,55.05795,24.987867,0,14780
2019-03-08T14:58:17.000Z,55.057917,24.987917000000003,0,15100
2019-03-08T14:58:17.000Z,55.057917,24.987917000000003,0,15100
2019-03-08T14:58:17.000Z,55.057917,24.987917000000003,0,15100
2019-03-08T15:01:05.000Z,55.05801700000001,24.987817,0,16900
2019-03-08T15:01:58.000Z,55.05801700000001,24.987817,0,15400
2019-03-08T15:01:58.000Z,55.05801700000001,24.987817,0,15400
2019-03-08T15:01:58.000Z,55.05801700000001,24.987817,0,15400
2019-03-08T15:07:06.000Z,55.05805,24.98785,0,31700
2019-03-08T15:07:06.000Z,55.05805,24.98785,0,31700
2019-03-08T15:07:06.000Z,55.05805,24.98785,0,31700
2019-03-08T15:09:37.000Z,55.058133,24.987733,0,31500
2019-03-08T15:11:57.000Z,55.05796700000001,24.987867,0,31400
2019-03-08T15:12:05.000Z,55.05798299999999,24.98785,0,31400
2019-03-08T15:12:05.000Z,55.05798299999999,24.98785,0,31400
2019-03-08T15:12:05.000Z,55.05798299999999,24.98785,0,31400
2019-03-08T15:15:48.000Z,55.05796700000001,24.9879,0,18600
2019-03-08T15:15:48.000Z,55.05796700000001,24.9879,0,18600
2019-03-08T15:15:48.000Z,55.05796700000001,24.9879,0,18600
2019-03-08T15:19:56.000Z,55.05775,24.988117000000006,0,30600
2019-03-08T15:19:56.000Z,55.05775,24.988117000000006,0,30600
2019-03-08T15:19:56.000Z,55.05775,24.988117000000006,0,30600
2019-03-08T15:23:18.000Z,55.05798299999999,24.9879,0,30830
2019-03-08T15:23:18.000Z,55.05798299999999,24.9879,0,30830
2019-03-08T15:23:18.000Z,55.05798299999999,24.9879,0,30830
2019-03-08T15:24:08.000Z,55.058067,24.987833,0,30940
2019-03-08T15:30:46.000Z,55.05796700000001,24.987917000000003,0,23760
2019-03-08T15:30:46.000Z,55.05796700000001,24.987917000000003,0,23760
2019-03-08T15:30:46.000Z,55.05796700000001,24.987917000000003,0,23760
2019-03-08T15:34:15.000Z,55.05805,24.988117000000006,0,30510
2019-03-08T15:34:15.000Z,55.05805,24.988117000000006,0,30510
2019-03-08T15:34:15.000Z,55.05805,24.988117000000006,0,30510
2019-03-08T15:35:24.000Z,55.05798299999999,24.987933,0,30500
2019-03-08T15:37:25.000Z,55.0579,24.987867,0,4100
2019-03-08T15:37:25.000Z,55.0579,24.987867,0,4100
2019-03-08T15:37:25.000Z,55.0579,24.987867,0,4100
2019-03-08T15:43:35.000Z,55.058033,24.98785,0,23100
2019-03-08T15:43:35.000Z,55.058033,24.98785,0,23100
2019-03-08T15:43:35.000Z,55.058033,24.98785,0,23100
2019-03-08T15:46:46.000Z,55.058233,24.98785,0,20940
2019-03-08T15:46:46.000Z,55.058233,24.98785,0,20940
2019-03-08T15:46:46.000Z,55.058233,24.98785,0,20940
2019-03-08T15:48:36.000Z,55.057883,24.98785,0,18300
2019-03-08T15:51:04.000Z,55.058083,24.987717,0,8400
2019-03-08T15:51:04.000Z,55.058083,24.987717,0,8400
2019-03-08T15:51:04.000Z,55.058083,24.987717,0,8400
2019-03-08T15:54:35.000Z,55.05801700000001,24.9879,0,8400
2019-03-08T15:54:35.000Z,55.05801700000001,24.9879,0,8400
2019-03-08T15:54:35.000Z,55.05801700000001,24.9879,0,8400
2019-03-08T15:58:47.000Z,55.05796700000001,24.987783,0,7500
2019-03-08T15:58:47.000Z,55.05796700000001,24.987783,0,7500
2019-03-08T15:58:47.000Z,55.05796700000001,24.987783,0,7500
2019-03-08T16:01:27.000Z,55.057933,24.987617,0,20660
2019-03-08T16:01:54.000Z,55.05785,24.987633,0,20700
2019-03-08T16:01:54.000Z,55.05785,24.987633,0,20700
2019-03-08T16:01:54.000Z,55.05785,24.987633,0,20700
2019-03-08T16:05:08.000Z,55.057833,24.987867,0,19800
2019-03-08T16:05:08.000Z,55.057833,24.987867,0,19800
2019-03-08T16:05:08.000Z,55.057833,24.987867,0,19800
2019-03-08T16:08:46.000Z,55.058,24.987883,0,20790
2019-03-08T16:08:46.000Z,55.058,24.987883,0,20790
2019-03-08T16:08:46.000Z,55.058,24.987883,0,20790
2019-03-08T16:12:58.000Z,55.058,24.987783,0,19300
2019-03-08T16:12:58.000Z,55.058,24.987783,0,19300
2019-03-08T16:12:58.000Z,55.058,24.987783,0,19300
2019-03-08T16:14:04.000Z,55.057917,24.987683,0,19300
2019-03-08T16:17:09.000Z,55.05775,24.98785,0,10020
2019-03-08T16:17:09.000Z,55.05775,24.98785,0,10020
2019-03-08T16:17:09.000Z,55.05775,24.98785,0,10020
2019-03-08T16:20:39.000Z,55.05781700000001,24.987817,0,20400
2019-03-08T16:20:39.000Z,55.05781700000001,24.987817,0,20400
2019-03-08T16:20:39.000Z,55.05781700000001,24.987817,0,20400
2019-03-08T16:23:54.000Z,55.058,24.987867,0,20200
2019-03-08T16:23:54.000Z,55.058,24.987867,0,20200
2019-03-08T16:23:54.000Z,55.058,24.987867,0,20200
2019-03-08T16:26:06.000Z,55.05796700000001,24.987867,0,20700
2019-03-08T16:26:56.000Z,55.058,24.987883,0,20500
2019-03-08T16:26:56.000Z,55.058,24.987883,0,20500
2019-03-08T16:26:56.000Z,55.058,24.987883,0,20500
2019-03-08T16:30:06.000Z,55.058,24.987883,0,20760
2019-03-08T16:30:06.000Z,55.058,24.987883,0,20760
2019-03-08T16:30:06.000Z,55.058,24.987883,0,20760
2019-03-08T16:32:17.000Z,55.05801700000001,24.987917000000003,0,20500
2019-03-08T16:33:16.000Z,55.05798299999999,24.987883,0,20700
2019-03-08T16:33:16.000Z,55.05798299999999,24.987883,0,20700
2019-03-08T16:33:16.000Z,55.05798299999999,24.987883,0,20700
2019-03-08T16:36:46.000Z,55.05796700000001,24.988033,0,17850
2019-03-08T16:36:46.000Z,55.05796700000001,24.988033,0,17850
2019-03-08T16:36:46.000Z,55.05796700000001,24.988033,0,17850
2019-03-08T16:38:26.000Z,55.0579,24.988183,0,19230
2019-03-08T16:43:05.000Z,55.05795,24.987917000000003,0,18300
2019-03-08T16:43:05.000Z,55.05795,24.987917000000003,0,18300
2019-03-08T16:43:05.000Z,55.05795,24.987917000000003,0,18300
2019-03-08T16:46:07.000Z,55.05801700000001,24.98785,0,18400
2019-03-08T16:46:07.000Z,55.05801700000001,24.98785,0,18400
2019-03-08T16:46:07.000Z,55.05801700000001,24.98785,0,18400
2019-03-08T16:49:15.000Z,55.05796700000001,24.9879,0,16100
2019-03-08T16:49:15.000Z,55.05796700000001,24.9879,0,16100
2019-03-08T16:49:15.000Z,55.05796700000001,24.9879,0,16100
2019-03-08T16:51:17.000Z,55.05796700000001,24.987917000000003,0,17580
2019-03-08T16:55:35.000Z,55.058,24.987867,0,17300
2019-03-08T16:55:35.000Z,55.058,24.987867,0,17300
2019-03-08T16:55:35.000Z,55.058,24.987867,0,17300
2019-03-08T16:58:37.000Z,55.05798299999999,24.987867,0,17800
2019-03-08T16:58:37.000Z,55.05798299999999,24.987867,0,17800
2019-03-08T16:58:37.000Z,55.05798299999999,24.987867,0,17800
2019-03-08T17:01:55.000Z,55.05785,24.987917000000003,0,9300
2019-03-08T17:01:55.000Z,55.05785,24.987917000000003,0,9300
2019-03-08T17:01:55.000Z,55.05785,24.987917000000003,0,9300
2019-03-08T17:03:44.000Z,55.05775,24.987917000000003,0,15200
2019-03-08T17:05:16.000Z,55.05785,24.988000000000003,0,32350
2019-03-08T17:05:16.000Z,55.05785,24.988000000000003,0,32350
2019-03-08T17:05:16.000Z,55.05785,24.988000000000003,0,32350
2019-03-08T17:11:54.000Z,55.05798299999999,24.987833,0,30800
2019-03-08T17:11:54.000Z,55.05798299999999,24.987833,0,30800
2019-03-08T17:11:54.000Z,55.05798299999999,24.987833,0,30800
2019-03-08T17:15:56.000Z,55.057933,24.987883,0,30600
2019-03-08T17:19:06.000Z,55.05798299999999,24.987717,0,6030
2019-03-08T17:19:06.000Z,55.05798299999999,24.987717,0,6030
2019-03-08T17:19:06.000Z,55.05798299999999,24.987717,0,6030
2019-03-08T17:22:25.000Z,55.058083,24.987867,0,17810
2019-03-08T17:22:25.000Z,55.058083,24.987867,0,17810
2019-03-08T17:22:25.000Z,55.058083,24.987867,0,17810
2019-03-08T17:27:35.000Z,55.05805,24.987783,0,22700
2019-03-08T17:28:05.000Z,55.0579,24.987883,0,23710
2019-03-08T17:28:24.000Z,55.057933,24.987833,0,24800
2019-03-08T17:28:24.000Z,55.057933,24.987833,0,24800
2019-03-08T17:28:24.000Z,55.057933,24.987833,0,24800
2019-03-08T17:29:24.000Z,55.05778299999999,24.987617,1,25300
2019-03-08T17:29:34.000Z,55.057733,24.987633,1,25570
2019-03-08T17:29:34.000Z,55.057733,24.987633,1,25570
2019-03-08T17:29:34.000Z,55.057733,24.987633,1,25570
2019-03-08T17:30:24.000Z,55.057583,24.987783,1,30100
2019-03-08T17:31:14.000Z,55.0575,24.987967,1,33640
2019-03-08T17:31:45.000Z,55.057283,24.988167,2,33050
2019-03-08T17:32:14.000Z,55.057283,24.98835,2,33600
2019-03-08T17:32:45.000Z,55.05705,24.988533,2,32600
2019-03-08T17:33:05.000Z,55.05695,24.988717,3,32500
2019-03-08T17:33:34.000Z,55.0567,24.98895,3,32800
2019-03-08T17:34:06.000Z,55.0565,24.9892,4,32630
2019-03-08T17:34:34.000Z,55.05626700000001,24.989467,4,32340
2019-03-08T17:35:05.000Z,55.056017,24.9897,4,32150
2019-03-08T17:35:14.000Z,55.055933,24.989767,4,32020
2019-03-08T17:35:14.000Z,55.055933,24.989767,4,32020
2019-03-08T17:35:14.000Z,55.055933,24.989767,4,32020
2019-03-08T17:36:05.000Z,55.055517,24.99015,4,31800
2019-03-08T17:36:25.000Z,55.055367,24.9903,3,31800
2019-03-08T17:37:05.000Z,55.055067,24.990583,3,31570
2019-03-08T17:37:24.000Z,55.054917,24.9907,3,31400
2019-03-08T17:37:45.000Z,55.054733,24.990817,3,30800
2019-03-08T17:38:05.000Z,55.05456700000001,24.990917,3,30460
2019-03-08T17:38:34.000Z,55.0544,24.991033,2,30500
2019-03-08T17:39:23.000Z,55.05431700000001,24.991117000000006,0,33320
2019-03-08T17:39:23.000Z,55.05431700000001,24.991117000000006,0,33320
2019-03-08T17:39:23.000Z,55.05431700000001,24.991117000000006,0,33320
2019-03-08T17:41:44.000Z,55.05435,24.991233,0,10000
2019-03-08T17:42:43.000Z,55.05445,24.991033,2,15300
2019-03-08T17:43:17.000Z,55.054467,24.990817,2,17100
2019-03-08T17:43:43.000Z,55.054483,24.990617,2,17200
2019-03-08T17:44:14.000Z,55.054483,24.990367000000006,3,17700
2019-03-08T17:44:34.000Z,55.054433,24.990167,3,18110
2019-03-08T17:44:55.000Z,55.054433,24.989983,4,17900
2019-03-08T17:45:13.000Z,55.054433,24.9898,3,17900
2019-03-08T17:45:34.000Z,55.054433,24.9896,3,18010
2019-03-08T17:46:04.000Z,55.054433,24.989333,3,18180
2019-03-08T17:46:34.000Z,55.054417,24.989083,3,18390
2019-03-08T17:47:05.000Z,55.054383,24.988833,3,18740
2019-03-08T17:47:35.000Z,55.05431700000001,24.988567,4,19190
2019-03-08T17:47:54.000Z,55.054283,24.988367,4,19000
2019-03-08T17:48:14.000Z,55.05425,24.98815,4,18860
2019-03-08T17:48:34.000Z,55.054217,24.98795,4,18790
2019-03-08T17:49:05.000Z,55.05415,24.987667,3,19080
2019-03-08T17:49:46.000Z,55.054033,24.987317,3,19560
2019-03-08T17:50:24.000Z,55.053933,24.987,3,19300
2019-03-08T17:50:53.000Z,55.053883,24.986767,3,19100
2019-03-08T17:51:24.000Z,55.05385,24.98655,2,18810
2019-03-08T17:52:25.000Z,55.053783,24.986317,1,19600
2019-03-08T17:54:05.000Z,55.053583,24.986183,0,27150
2019-03-08T17:56:45.000Z,55.053383,24.986117,0,22320
2019-03-08T17:56:45.000Z,55.053383,24.986117,0,22320
2019-03-08T17:56:45.000Z,55.053383,24.986117,0,22320
2019-03-08T17:59:45.000Z,55.053233,24.986183,0,28860
2019-03-08T17:59:45.000Z,55.053233,24.986183,0,28860
2019-03-08T17:59:45.000Z,55.053233,24.986183,0,28860
2019-03-08T18:02:35.000Z,55.05315,24.986217,0,12670
2019-03-08T18:04:04.000Z,55.0532,24.986133,0,13500
2019-03-08T18:04:04.000Z,55.0532,24.986133,0,13500
2019-03-08T18:04:04.000Z,55.0532,24.986133,0,13500
2019-03-08T18:10:14.000Z,55.05317700000001,24.986087,0,12130
2019-03-08T18:10:14.000Z,55.05317700000001,24.986087,0,12130
2019-03-08T18:10:14.000Z,55.05317700000001,24.986087,0,12130
2019-03-08T18:13:24.000Z,55.053148,24.986168,0,12100
2019-03-08T18:13:24.000Z,55.053148,24.986168,0,12100
2019-03-08T18:13:24.000Z,55.053148,24.986168,0,12100
2019-03-08T18:14:53.000Z,55.05320699999999,24.986153,0,12100
2019-03-08T18:17:26.000Z,55.053133,24.98615,0,10090
2019-03-08T18:17:26.000Z,55.053133,24.98615,0,10090
2019-03-08T18:17:26.000Z,55.053133,24.98615,0,10090
2019-03-08T18:20:45.000Z,55.05315,24.98615,0,11270
2019-03-08T18:20:45.000Z,55.05315,24.98615,0,11270
2019-03-08T18:20:45.000Z,55.05315,24.98615,0,11270
2019-03-08T18:27:05.000Z,55.0532,24.986117,0,11270
2019-03-08T18:27:05.000Z,55.0532,24.986117,0,11270
2019-03-08T18:27:05.000Z,55.0532,24.986117,0,11270
2019-03-08T18:27:45.000Z,55.053233,24.9861,0,11270
2019-03-08T18:30:34.000Z,55.053183,24.98615,0,11300
2019-03-08T18:30:34.000Z,55.053183,24.98615,0,11300
2019-03-08T18:30:34.000Z,55.053183,24.98615,0,11300
2019-03-08T18:33:05.000Z,55.052967,24.98615,0,27860
2019-03-08T18:33:26.000Z,55.052767,24.9862,0,27800
2019-03-08T18:35:15.000Z,55.052983,24.986167,0,27800
2019-03-08T18:36:34.000Z,55.05306700000001,24.98615,0,27780
2019-03-08T18:36:34.000Z,55.05306700000001,24.98615,0,27780
2019-03-08T18:36:34.000Z,55.05306700000001,24.98615,0,27780
2019-03-08T18:39:36.000Z,55.0532,24.98615,0,27600
2019-03-08T18:39:36.000Z,55.0532,24.98615,0,27600
2019-03-08T18:39:36.000Z,55.0532,24.98615,0,27600
2019-03-08T18:44:05.000Z,55.053133,24.98615,0,27630
2019-03-08T18:46:04.000Z,55.0532,24.986117,0,12800
2019-03-08T18:46:04.000Z,55.0532,24.986117,0,12800
2019-03-08T18:46:04.000Z,55.0532,24.986117,0,12800
2019-03-08T18:49:15.000Z,55.053217,24.986133,0,13000
2019-03-08T18:49:15.000Z,55.053217,24.986133,0,13000
2019-03-08T18:49:15.000Z,55.053217,24.986133,0,13000
2019-03-08T18:52:34.000Z,55.05325,24.986183,0,17040
2019-03-08T18:52:34.000Z,55.05325,24.986183,0,17040
2019-03-08T18:52:34.000Z,55.05325,24.986183,0,17040
2019-03-08T18:55:44.000Z,55.05335,24.98615,0,17040
2019-03-08T18:55:44.000Z,55.05335,24.98615,0,17040
2019-03-08T18:55:44.000Z,55.05335,24.98615,0,17040
2019-03-08T19:00:05.000Z,55.05315,24.986117,0,30020
2019-03-08T19:02:03.000Z,55.053167,24.9861,0,30000
2019-03-08T19:02:03.000Z,55.053167,24.9861,0,30000
2019-03-08T19:02:03.000Z,55.053167,24.9861,0,30000
2019-03-08T19:05:14.000Z,55.053133,24.9861,0,15370
2019-03-08T19:05:14.000Z,55.053133,24.9861,0,15370
2019-03-08T19:05:14.000Z,55.053133,24.9861,0,15370
2019-03-08T19:08:25.000Z,55.052983,24.986217,0,15800
2019-03-08T19:08:25.000Z,55.052983,24.986217,0,15800
2019-03-08T19:08:25.000Z,55.052983,24.986217,0,15800
2019-03-08T19:11:34.000Z,55.05326700000001,24.986067,0,15800
2019-03-08T19:11:34.000Z,55.05326700000001,24.986067,0,15800
2019-03-08T19:11:34.000Z,55.05326700000001,24.986067,0,15800
2019-03-08T19:12:14.000Z,55.05331700000001,24.9861,0,15810
2019-03-08T19:18:04.000Z,55.053217,24.986083,0,17200
2019-03-08T19:18:04.000Z,55.053217,24.986083,0,17200
2019-03-08T19:18:04.000Z,55.053217,24.986083,0,17200
2019-03-08T19:21:05.000Z,55.0533,24.986067,0,35660
2019-03-08T19:21:05.000Z,55.0533,24.986067,0,35660
2019-03-08T19:21:05.000Z,55.0533,24.986067,0,35660
2019-03-08T19:23:46.000Z,55.05325,24.986233,0,10000
2019-03-08T19:24:13.000Z,55.05345,24.98625,0,11100
2019-03-08T19:24:13.000Z,55.05345,24.98625,0,11100
2019-03-08T19:24:13.000Z,55.05345,24.98625,0,11100
2019-03-08T19:30:24.000Z,55.05331700000001,24.986133,0,7730
2019-03-08T19:30:24.000Z,55.05331700000001,24.986133,0,7730
2019-03-08T19:30:24.000Z,55.05331700000001,24.986133,0,7730
2019-03-08T19:33:25.000Z,55.05335,24.985983,0,4000
2019-03-08T19:33:25.000Z,55.05335,24.985983,0,4000
2019-03-08T19:33:25.000Z,55.05335,24.985983,0,4000
2019-03-08T19:36:36.000Z,55.053367,24.986017,0,10900
2019-03-08T19:42:54.000Z,55.05315,24.9861,0,390
2019-03-08T19:42:54.000Z,55.05315,24.9861,0,390
2019-03-08T19:42:54.000Z,55.05315,24.9861,0,390
2019-03-08T19:48:45.000Z,55.053307,24.986052,0,10300
2019-03-08T19:51:45.000Z,55.053335,24.986065,0,10300
2019-03-08T19:51:45.000Z,55.053335,24.986065,0,10300
2019-03-08T19:51:45.000Z,55.053335,24.986065,0,10300
2019-03-08T19:58:04.000Z,55.0532,24.986183,0,120
2019-03-08T19:58:04.000Z,55.0532,24.986183,0,120
2019-03-08T19:58:04.000Z,55.0532,24.986183,0,120
2019-03-08T20:00:54.000Z,55.053333,24.985933,0,8680
2019-03-08T20:01:15.000Z,55.05328299999999,24.986,0,450
2019-03-08T20:01:15.000Z,55.05328299999999,24.986,0,450
2019-03-08T20:01:15.000Z,55.05328299999999,24.986,0,450
2019-03-08T20:07:35.000Z,55.053183,24.986083,0,3440
2019-03-08T20:07:35.000Z,55.053183,24.986083,0,3440
2019-03-08T20:07:35.000Z,55.053183,24.986083,0,3440
2019-03-08T20:13:04.000Z,55.0535,24.985767000000006,0,1810
2019-03-08T20:13:44.000Z,55.05326700000001,24.9859,0,190
2019-03-08T20:13:44.000Z,55.05326700000001,24.9859,0,190
2019-03-08T20:13:44.000Z,55.05326700000001,24.9859,0,190
2019-03-08T20:20:05.000Z,55.05335,24.986033,0,3900
2019-03-08T20:20:05.000Z,55.05335,24.986033,0,3900
2019-03-08T20:20:05.000Z,55.05335,24.986033,0,3900
2019-03-08T20:23:15.000Z,55.053533,24.985867,0,3340
2019-03-08T20:23:15.000Z,55.053533,24.985867,0,3340
2019-03-08T20:23:15.000Z,55.053533,24.985867,0,3340
2019-03-08T20:25:25.000Z,55.053537,24.985915,0,1500
2019-03-08T20:29:43.000Z,55.053323,24.986088,0,3000
2019-03-08T20:29:43.000Z,55.053323,24.986088,0,3000
2019-03-08T20:29:43.000Z,55.053323,24.986088,0,3000
2019-03-08T20:32:44.000Z,55.053312,24.98607,0,3400
2019-03-08T20:32:44.000Z,55.053312,24.98607,0,3400
2019-03-08T20:32:44.000Z,55.053312,24.98607,0,3400
2019-03-08T20:35:55.000Z,55.053225,24.98587,0,1300
2019-03-08T20:35:55.000Z,55.053225,24.98587,0,1300
2019-03-08T20:35:55.000Z,55.053225,24.98587,0,1300
2019-03-08T20:36:34.000Z,55.053202,24.986077,0,1490
2019-03-08T20:37:34.000Z,55.053398,24.985977,0,8760
2019-03-08T20:39:03.000Z,55.0533,24.9861,0,8220
2019-03-08T20:39:03.000Z,55.0533,24.9861,0,8220
2019-03-08T20:39:03.000Z,55.0533,24.9861,0,8220
2019-03-08T20:45:15.000Z,55.0534,24.98555,0,1900
2019-03-08T20:45:15.000Z,55.0534,24.98555,0,1900
2019-03-08T20:45:15.000Z,55.0534,24.98555,0,1900
2019-03-08T20:49:43.000Z,55.05331700000001,24.98595,0,21400
2019-03-08T20:51:34.000Z,55.05331700000001,24.986133,0,7960
2019-03-08T20:51:34.000Z,55.05331700000001,24.986133,0,7960
2019-03-08T20:51:34.000Z,55.05331700000001,24.986133,0,7960
2019-03-08T20:57:45.000Z,55.0533,24.986,0,16200
2019-03-08T20:57:45.000Z,55.0533,24.986,0,16200
2019-03-08T20:57:45.000Z,55.0533,24.986,0,16200
2019-03-08T21:01:34.000Z,55.053367,24.986317,0,7230
2019-03-08T21:04:04.000Z,55.0533,24.986217,0,11100
2019-03-08T21:04:04.000Z,55.0533,24.986217,0,11100
2019-03-08T21:04:04.000Z,55.0533,24.986217,0,11100
2019-03-08T21:07:15.000Z,55.05315,24.986183,0,14600
2019-03-08T21:07:15.000Z,55.05315,24.986183,0,14600
2019-03-08T21:07:15.000Z,55.05315,24.986183,0,14600
2019-03-08T21:13:25.000Z,55.053217,24.986117,0,26980
2019-03-08T21:13:25.000Z,55.053217,24.986117,0,26980
2019-03-08T21:13:25.000Z,55.053217,24.986117,0,26980
2019-03-08T21:13:54.000Z,55.053,24.9863,0,27520
2019-03-08T21:16:34.000Z,55.05305,24.986283,0,11860
2019-03-08T21:16:34.000Z,55.05305,24.986283,0,11860
2019-03-08T21:16:34.000Z,55.05305,24.986283,0,11860
2019-03-08T21:19:44.000Z,55.053217,24.986367,0,22340
2019-03-08T21:19:44.000Z,55.053217,24.986367,0,22340
2019-03-08T21:19:44.000Z,55.053217,24.986367,0,22340
2019-03-08T21:21:24.000Z,55.0533,24.986367,0,29170
2019-03-08T21:22:45.000Z,55.053383,24.9863,0,29200
2019-03-08T21:22:45.000Z,55.053383,24.9863,0,29200
2019-03-08T21:22:45.000Z,55.053383,24.9863,0,29200
2019-03-08T21:26:05.000Z,55.05315,24.98615,0,26800
2019-03-08T21:29:05.000Z,55.053183,24.986117,0,31000
2019-03-08T21:29:05.000Z,55.053183,24.986117,0,31000
2019-03-08T21:29:05.000Z,55.053183,24.986117,0,31000
2019-03-08T21:35:24.000Z,55.05315,24.986183,0,32100
2019-03-08T21:35:24.000Z,55.05315,24.986183,0,32100
2019-03-08T21:35:24.000Z,55.05315,24.986183,0,32100
2019-03-08T21:37:33.000Z,55.053217,24.9862,0,32130
2019-03-08T21:38:26.000Z,55.053233,24.986,0,10300
2019-03-08T21:41:35.000Z,55.053183,24.98615,0,28100
2019-03-08T21:41:35.000Z,55.053183,24.98615,0,28100
2019-03-08T21:41:35.000Z,55.053183,24.98615,0,28100
2019-03-08T21:47:46.000Z,55.053245,24.986065,0,14000
2019-03-08T21:47:46.000Z,55.053245,24.986065,0,14000
2019-03-08T21:47:46.000Z,55.053245,24.986065,0,14000
2019-03-08T21:50:25.000Z,55.05345300000001,24.985932,0,32900
2019-03-08T21:50:55.000Z,55.053257,24.986133,0,32880
2019-03-08T21:50:55.000Z,55.053257,24.986133,0,32880
2019-03-08T21:50:55.000Z,55.053257,24.986133,0,32880
2019-03-08T21:57:04.000Z,55.053282,24.98605,0,32880
2019-03-08T21:57:04.000Z,55.053282,24.98605,0,32880
2019-03-08T21:57:04.000Z,55.053282,24.98605,0,32880
2019-03-08T22:02:26.000Z,55.053183,24.986133,0,5900
2019-03-08T22:03:15.000Z,55.05315,24.986167,0,5900
2019-03-08T22:03:15.000Z,55.05315,24.986167,0,5900
2019-03-08T22:03:15.000Z,55.05315,24.986167,0,5900
2019-03-08T22:09:35.000Z,55.05335,24.9861,0,13500
2019-03-08T22:09:35.000Z,55.05335,24.9861,0,13500
2019-03-08T22:09:35.000Z,55.05335,24.9861,0,13500
2019-03-08T22:12:46.000Z,55.053217,24.986117,0,27400
2019-03-08T22:12:46.000Z,55.053217,24.986117,0,27400
2019-03-08T22:12:46.000Z,55.053217,24.986117,0,27400
2019-03-08T22:14:36.000Z,55.05315,24.986117,0,29700
2019-03-08T22:18:56.000Z,55.0529,24.986133,0,27340
2019-03-08T22:18:56.000Z,55.0529,24.986133,0,27340
2019-03-08T22:18:56.000Z,55.0529,24.986133,0,27340
2019-03-08T22:21:24.000Z,55.053183,24.986083,0,25200
2019-03-08T22:25:36.000Z,55.0531,24.986117,0,25420
2019-03-08T22:25:36.000Z,55.0531,24.986117,0,25420
2019-03-08T22:25:36.000Z,55.0531,24.986117,0,25420
2019-03-08T22:28:45.000Z,55.05328299999999,24.986017,0,28280
2019-03-08T22:28:45.000Z,55.05328299999999,24.986017,0,28280
2019-03-08T22:28:45.000Z,55.05328299999999,24.986017,0,28280
2019-03-08T22:34:56.000Z,55.0531,24.986167,0,26080
2019-03-08T22:34:56.000Z,55.0531,24.986167,0,26080
2019-03-08T22:34:56.000Z,55.0531,24.986167,0,26080
2019-03-08T22:37:25.000Z,55.053167,24.986117,0,24700
2019-03-08T22:41:06.000Z,55.053183,24.9861,0,27700
2019-03-08T22:41:06.000Z,55.053183,24.9861,0,27700
2019-03-08T22:41:06.000Z,55.053183,24.9861,0,27700
2019-03-08T22:41:45.000Z,55.0529,24.986117,0,27130
2019-03-08T22:44:16.000Z,55.053233,24.986167,0,25300
2019-03-08T22:44:16.000Z,55.053233,24.986167,0,25300
2019-03-08T22:44:16.000Z,55.053233,24.986167,0,25300
2019-03-08T22:47:25.000Z,55.05305,24.986117,0,25490
2019-03-08T22:47:25.000Z,55.05305,24.986117,0,25490
2019-03-08T22:47:25.000Z,55.05305,24.986117,0,25490
2019-03-08T22:49:26.000Z,55.05328299999999,24.986033,0,25900
2019-03-08T22:53:35.000Z,55.053167,24.986283,0,28700
2019-03-08T22:53:35.000Z,55.053167,24.986283,0,28700
2019-03-08T22:53:35.000Z,55.053167,24.986283,0,28700
2019-03-08T22:59:46.000Z,55.0533,24.986067,0,7200
2019-03-08T22:59:46.000Z,55.0533,24.986067,0,7200
2019-03-08T22:59:46.000Z,55.0533,24.986067,0,7200
2019-03-08T23:01:34.000Z,55.05335,24.985967,0,27800
2019-03-08T23:06:05.000Z,55.053217,24.9862,0,25290
2019-03-08T23:06:05.000Z,55.053217,24.9862,0,25290
2019-03-08T23:06:05.000Z,55.053217,24.9862,0,25290
2019-03-08T23:09:25.000Z,55.05325,24.986017,0,15900
2019-03-08T23:09:36.000Z,55.05311700000001,24.986233,0,15600
2019-03-08T23:10:55.000Z,55.053162,24.986147,0,15900
2019-03-08T23:10:55.000Z,55.053162,24.986147,0,15900
2019-03-08T23:10:55.000Z,55.053162,24.986147,0,15900
2019-03-08T23:17:05.000Z,55.0533,24.9862,0,24800
2019-03-08T23:17:05.000Z,55.0533,24.9862,0,24800
2019-03-08T23:17:05.000Z,55.0533,24.9862,0,24800
2019-03-08T23:20:06.000Z,55.05325,24.986283,0,25500
2019-03-08T23:20:06.000Z,55.05325,24.986283,0,25500
2019-03-08T23:20:06.000Z,55.05325,24.986283,0,25500
2019-03-08T23:22:44.000Z,55.05325,24.9862,0,22200
2019-03-08T23:23:15.000Z,55.0533,24.986167,0,21660
2019-03-08T23:23:15.000Z,55.0533,24.986167,0,21660
2019-03-08T23:23:15.000Z,55.0533,24.986167,0,21660
2019-03-08T23:32:25.000Z,55.05325,24.98615,0,25200
2019-03-08T23:32:25.000Z,55.05325,24.98615,0,25200
2019-03-08T23:32:25.000Z,55.05325,24.98615,0,25200
2019-03-08T23:34:45.000Z,55.05311700000001,24.9862,0,33900
2019-03-08T23:38:45.000Z,55.0532,24.9862,0,24100
2019-03-08T23:38:45.000Z,55.0532,24.9862,0,24100
2019-03-08T23:38:45.000Z,55.0532,24.9862,0,24100
2019-03-08T23:45:05.000Z,55.0533,24.986217,0,24500
2019-03-08T23:45:05.000Z,55.0533,24.986217,0,24500
2019-03-08T23:45:05.000Z,55.0533,24.986217,0,24500
2019-03-08T23:46:46.000Z,55.053533,24.98625,0,7200
2019-03-08T23:51:15.000Z,55.05335,24.986217,0,24900
2019-03-08T23:51:15.000Z,55.05335,24.986217,0,24900
2019-03-08T23:51:15.000Z,55.05335,24.986217,0,24900
2019-03-08T23:57:35.000Z,55.05325,24.986183,0,30700
2019-03-08T23:57:35.000Z,55.05325,24.986183,0,30700
2019-03-08T23:57:35.000Z,55.05325,24.986183,0,30700
2019-03-08T23:58:55.000Z,55.05326700000001,24.986167,0,26900
2019-03-09T00:03:46.000Z,55.05311700000001,24.986083,0,22680
2019-03-09T00:03:46.000Z,55.05311700000001,24.986083,0,22680
2019-03-09T00:03:46.000Z,55.05311700000001,24.986083,0,22680
2019-03-09T00:06:55.000Z,55.0531,24.9864,0,27500
2019-03-09T00:06:55.000Z,55.0531,24.9864,0,27500
2019-03-09T00:06:55.000Z,55.0531,24.9864,0,27500
2019-03-09T00:10:05.000Z,55.053217,24.986217,0,22300
2019-03-09T00:10:05.000Z,55.053217,24.986217,0,22300
2019-03-09T00:10:05.000Z,55.053217,24.986217,0,22300
2019-03-09T00:11:05.000Z,55.05335,24.986183,0,23420
2019-03-09T00:16:17.000Z,55.05326700000001,24.98625,0,27000
2019-03-09T00:16:17.000Z,55.05326700000001,24.98625,0,27000
2019-03-09T00:16:17.000Z,55.05326700000001,24.98625,0,27000
2019-03-09T00:19:27.000Z,55.0532,24.986067,0,26950
2019-03-09T00:19:27.000Z,55.0532,24.986067,0,26950
2019-03-09T00:19:27.000Z,55.0532,24.986067,0,26950
2019-03-09T00:22:36.000Z,55.053,24.986317,0,31690
2019-03-09T00:22:36.000Z,55.053,24.986317,0,31690
2019-03-09T00:22:36.000Z,55.053,24.986317,0,31690
2019-03-09T00:23:06.000Z,55.053183,24.9861,0,31700
2019-03-09T00:28:55.000Z,55.053167,24.986133,0,25700
2019-03-09T00:28:55.000Z,55.053167,24.986133,0,25700
2019-03-09T00:28:55.000Z,55.053167,24.986133,0,25700
2019-03-09T00:31:56.000Z,55.05315,24.986167,0,28300
2019-03-09T00:31:56.000Z,55.05315,24.986167,0,28300
2019-03-09T00:31:56.000Z,55.05315,24.986167,0,28300
2019-03-09T00:34:57.000Z,55.053167,24.986133,0,27260
2019-03-09T00:34:57.000Z,55.053167,24.986133,0,27260
2019-03-09T00:34:57.000Z,55.053167,24.986133,0,27260
2019-03-09T00:35:15.000Z,55.053217,24.986167,0,25490
2019-03-09T00:38:07.000Z,55.053167,24.986167,0,24520
2019-03-09T00:38:07.000Z,55.053167,24.986167,0,24520
2019-03-09T00:38:07.000Z,55.053167,24.986167,0,24520
2019-03-09T00:43:15.000Z,55.053167,24.986133,0,23300
2019-03-09T00:44:26.000Z,55.05315,24.986183,0,20160
2019-03-09T00:44:26.000Z,55.05315,24.986183,0,20160
2019-03-09T00:44:26.000Z,55.05315,24.986183,0,20160
2019-03-09T00:50:37.000Z,55.053183,24.986167,0,31100
2019-03-09T00:50:37.000Z,55.053183,24.986167,0,31100
2019-03-09T00:50:37.000Z,55.053183,24.986167,0,31100
2019-03-09T00:56:45.000Z,55.05311700000001,24.986183,0,32900
2019-03-09T00:56:45.000Z,55.05311700000001,24.986183,0,32900
2019-03-09T00:56:45.000Z,55.05311700000001,24.986183,0,32900
2019-03-09T00:59:24.000Z,55.053133,24.986217,0,31380
2019-03-09T00:59:47.000Z,55.05311700000001,24.986233,0,31580
2019-03-09T00:59:47.000Z,55.05311700000001,24.986233,0,31580
2019-03-09T00:59:47.000Z,55.05311700000001,24.986233,0,31580
2019-03-09T01:09:07.000Z,55.05315,24.9861,0,29100
2019-03-09T01:09:07.000Z,55.05315,24.9861,0,29100
2019-03-09T01:09:07.000Z,55.05315,24.9861,0,29100
2019-03-09T01:11:26.000Z,55.053217,24.98615,0,33300
2019-03-09T01:15:15.000Z,55.053133,24.986167,0,28100
2019-03-09T01:15:15.000Z,55.053133,24.986167,0,28100
2019-03-09T01:15:15.000Z,55.053133,24.986167,0,28100
2019-03-09T01:21:17.000Z,55.053133,24.986117,0,25550
2019-03-09T01:21:17.000Z,55.053133,24.986117,0,25550
2019-03-09T01:21:17.000Z,55.053133,24.986117,0,25550
2019-03-09T01:23:35.000Z,55.053233,24.98605,0,16220
2019-03-09T01:27:29.000Z,55.053148,24.986218,0,16330
2019-03-09T01:27:46.000Z,55.053148,24.986222,0,16000
2019-03-09T01:27:46.000Z,55.053148,24.986222,0,16000
2019-03-09T01:27:46.000Z,55.053148,24.986222,0,16000
2019-03-09T01:30:48.000Z,55.053183,24.986167,0,23500
2019-03-09T01:30:48.000Z,55.053183,24.986167,0,23500
2019-03-09T01:30:48.000Z,55.053183,24.986167,0,23500
2019-03-09T01:37:05.000Z,55.053167,24.986167,0,20500
2019-03-09T01:37:05.000Z,55.053167,24.986167,0,20500
2019-03-09T01:37:05.000Z,55.053167,24.986167,0,20500
2019-03-09T01:39:35.000Z,55.0532,24.9861,0,17400
2019-03-09T01:40:08.000Z,55.053167,24.986133,0,21460
2019-03-09T01:40:08.000Z,55.053167,24.986133,0,21460
2019-03-09T01:40:08.000Z,55.053167,24.986133,0,21460
2019-03-09T01:43:15.000Z,55.053167,24.985967,0,19400
2019-03-09T01:43:15.000Z,55.053167,24.985967,0,19400
2019-03-09T01:43:15.000Z,55.053167,24.985967,0,19400
2019-03-09T01:49:35.000Z,55.053167,24.986133,0,18400
2019-03-09T01:49:35.000Z,55.053167,24.986133,0,18400
2019-03-09T01:49:35.000Z,55.053167,24.986133,0,18400
2019-03-09T01:51:36.000Z,55.0532,24.986233,0,19560
2019-03-09T01:55:46.000Z,55.053167,24.9861,0,17600
2019-03-09T01:55:46.000Z,55.053167,24.9861,0,17600
2019-03-09T01:55:46.000Z,55.053167,24.9861,0,17600
2019-03-09T02:02:06.000Z,55.05315,24.9861,0,17850
2019-03-09T02:02:06.000Z,55.05315,24.9861,0,17850
2019-03-09T02:02:06.000Z,55.05315,24.9861,0,17850
2019-03-09T02:04:46.000Z,55.053167,24.986133,0,18220
2019-03-09T02:08:26.000Z,55.053167,24.986117,0,15220
2019-03-09T02:08:26.000Z,55.053167,24.986117,0,15220
2019-03-09T02:08:26.000Z,55.053167,24.986117,0,15220
2019-03-09T02:14:35.000Z,55.053183,24.9861,0,15090
2019-03-09T02:14:35.000Z,55.053183,24.9861,0,15090
2019-03-09T02:14:35.000Z,55.053183,24.9861,0,15090
2019-03-09T02:16:55.000Z,55.053183,24.986083,0,17400
2019-03-09T02:21:26.000Z,55.053183,24.9861,0,17400
2019-03-09T02:21:26.000Z,55.053183,24.9861,0,17400
2019-03-09T02:21:26.000Z,55.053183,24.9861,0,17400
2019-03-09T02:27:36.000Z,55.053183,24.98615,0,17300
2019-03-09T02:27:36.000Z,55.053183,24.98615,0,17300
2019-03-09T02:27:36.000Z,55.053183,24.98615,0,17300
2019-03-09T02:28:56.000Z,55.053183,24.986117,0,18220
2019-03-09T02:33:56.000Z,55.053183,24.9861,0,17300
2019-03-09T02:33:56.000Z,55.053183,24.9861,0,17300
2019-03-09T02:33:56.000Z,55.053183,24.9861,0,17300
2019-03-09T02:37:16.000Z,55.053167,24.986117,0,14710
2019-03-09T02:40:06.000Z,55.053167,24.986083,0,15870
2019-03-09T02:40:06.000Z,55.053167,24.986083,0,15870
2019-03-09T02:40:06.000Z,55.053167,24.986083,0,15870
2019-03-09T02:43:16.000Z,55.053167,24.986133,0,32100
2019-03-09T02:43:16.000Z,55.053167,24.986133,0,32100
2019-03-09T02:43:16.000Z,55.053167,24.986133,0,32100
2019-03-09T02:46:27.000Z,55.053183,24.9861,0,16450
2019-03-09T02:46:27.000Z,55.053183,24.9861,0,16450
2019-03-09T02:46:27.000Z,55.053183,24.9861,0,16450
2019-03-09T02:52:47.000Z,55.05315,24.9862,0,16300
2019-03-09T02:52:47.000Z,55.05315,24.9862,0,16300
2019-03-09T02:52:47.000Z,55.05315,24.9862,0,16300
2019-03-09T02:53:15.000Z,55.053183,24.98615,0,16300
2019-03-09T02:55:56.000Z,55.0532,24.986117,0,16310
2019-03-09T02:55:56.000Z,55.0532,24.986117,0,16310
2019-03-09T02:55:56.000Z,55.0532,24.986117,0,16310
2019-03-09T03:02:16.000Z,55.053183,24.98615,0,15500
2019-03-09T03:02:16.000Z,55.053183,24.98615,0,15500
2019-03-09T03:02:16.000Z,55.053183,24.98615,0,15500
2019-03-09T03:05:25.000Z,55.05315,24.986133,0,14400
2019-03-09T03:07:45.000Z,55.05328299999999,24.986,0,14070
2019-03-09T03:07:56.000Z,55.0533,24.986,0,14050
2019-03-09T03:07:56.000Z,55.0533,24.986,0,14050
2019-03-09T03:07:56.000Z,55.0533,24.986,0,14050
2019-03-09T03:19:55.000Z,55.05335,24.98605,0,13100
2019-03-09T03:20:16.000Z,55.053233,24.986083,0,16110
2019-03-09T03:20:16.000Z,55.053233,24.986083,0,16110
2019-03-09T03:20:16.000Z,55.053233,24.986083,0,16110
2019-03-09T03:26:36.000Z,55.053217,24.986083,0,16270
2019-03-09T03:26:36.000Z,55.053217,24.986083,0,16270
2019-03-09T03:26:36.000Z,55.053217,24.986083,0,16270
2019-03-09T03:31:56.000Z,55.0531,24.98625,0,12500
2019-03-09T03:32:55.000Z,55.05311700000001,24.986183,0,14960
2019-03-09T03:32:55.000Z,55.05311700000001,24.986183,0,14960
2019-03-09T03:32:55.000Z,55.05311700000001,24.986183,0,14960
2019-03-09T03:36:06.000Z,55.053167,24.986167,0,12500
2019-03-09T03:36:06.000Z,55.053167,24.986167,0,12500
2019-03-09T03:36:06.000Z,55.053167,24.986167,0,12500
2019-03-09T03:39:16.000Z,55.05326700000001,24.986183,0,10100
2019-03-09T03:39:16.000Z,55.05326700000001,24.986183,0,10100
2019-03-09T03:39:16.000Z,55.05326700000001,24.986183,0,10100
2019-03-09T03:42:17.000Z,55.053167,24.986117,0,15460
2019-03-09T03:42:17.000Z,55.053167,24.986117,0,15460
2019-03-09T03:42:17.000Z,55.053167,24.986117,0,15460
2019-03-09T03:43:57.000Z,55.05328299999999,24.986183,0,10640
2019-03-09T03:48:35.000Z,55.053183,24.986117,0,14000
2019-03-09T03:48:35.000Z,55.053183,24.986117,0,14000
2019-03-09T03:48:35.000Z,55.053183,24.986117,0,14000
2019-03-09T03:52:36.000Z,55.05311700000001,24.986067,0,4000
2019-03-09T03:55:37.000Z,55.053217,24.986133,0,11210
2019-03-09T03:55:37.000Z,55.053217,24.986133,0,11210
2019-03-09T03:55:37.000Z,55.053217,24.986133,0,11210
2019-03-09T04:01:47.000Z,55.053083,24.9863,0,10870
2019-03-09T04:01:47.000Z,55.053083,24.9863,0,10870
2019-03-09T04:01:47.000Z,55.053083,24.9863,0,10870
2019-03-09T04:04:46.000Z,55.053233,24.986133,0,12850
2019-03-09T04:07:56.000Z,55.053183,24.986167,0,10180
2019-03-09T04:07:56.000Z,55.053183,24.986167,0,10180
2019-03-09T04:07:56.000Z,55.053183,24.986167,0,10180
2019-03-09T04:14:05.000Z,55.05315,24.986167,0,11600
2019-03-09T04:14:05.000Z,55.05315,24.986167,0,11600
2019-03-09T04:14:05.000Z,55.05315,24.986167,0,11600
2019-03-09T04:16:56.000Z,55.053217,24.98615,0,10320
2019-03-09T04:20:07.000Z,55.053167,24.986133,0,6700
2019-03-09T04:20:07.000Z,55.053167,24.986133,0,6700
2019-03-09T04:20:07.000Z,55.053167,24.986133,0,6700
2019-03-09T04:26:26.000Z,55.053233,24.986183,0,7060
2019-03-09T04:26:26.000Z,55.053233,24.986183,0,7060
2019-03-09T04:26:26.000Z,55.053233,24.986183,0,7060
2019-03-09T04:29:06.000Z,55.0532,24.9862,0,13260
2019-03-09T04:30:56.000Z,55.053183,24.986117,0,35670
2019-03-09T04:30:56.000Z,55.053183,24.986117,0,35670
2019-03-09T04:30:56.000Z,55.053183,24.986117,0,35670
2019-03-09T04:37:07.000Z,55.053167,24.98615,0,11600
2019-03-09T04:37:07.000Z,55.053167,24.98615,0,11600
2019-03-09T04:37:07.000Z,55.053167,24.98615,0,11600
2019-03-09T04:43:07.000Z,55.053167,24.986133,0,13600
2019-03-09T04:43:17.000Z,55.053167,24.986133,0,13550
2019-03-09T04:43:17.000Z,55.053167,24.986133,0,13550
2019-03-09T04:43:17.000Z,55.053167,24.986133,0,13550
2019-03-09T04:49:46.000Z,55.053183,24.986117,0,13500
2019-03-09T04:49:46.000Z,55.053183,24.986117,0,13500
2019-03-09T04:49:46.000Z,55.053183,24.986117,0,13500
2019-03-09T04:55:17.000Z,55.05315,24.98615,0,13500
2019-03-09T04:56:05.000Z,55.053167,24.98615,0,13600
2019-03-09T04:56:05.000Z,55.053167,24.98615,0,13600
2019-03-09T04:56:05.000Z,55.053167,24.98615,0,13600
2019-03-09T05:02:26.000Z,55.05335,24.986083,0,9600
2019-03-09T05:02:26.000Z,55.05335,24.986083,0,9600
2019-03-09T05:02:26.000Z,55.05335,24.986083,0,9600
2019-03-09T05:07:25.000Z,55.05315,24.986133,0,10600
2019-03-09T05:13:36.000Z,55.053217,24.986167,0,10660
2019-03-09T05:13:36.000Z,55.053217,24.986167,0,10660
2019-03-09T05:13:36.000Z,55.053217,24.986167,0,10660
2019-03-09T05:19:26.000Z,55.053183,24.986117,0,13250
2019-03-09T05:19:46.000Z,55.053183,24.986117,0,13250
2019-03-09T05:19:46.000Z,55.053183,24.986117,0,13250
2019-03-09T05:19:46.000Z,55.053183,24.986117,0,13250
2019-03-09T05:25:56.000Z,55.053183,24.986117,0,12390
2019-03-09T05:25:56.000Z,55.053183,24.986117,0,12390
2019-03-09T05:25:56.000Z,55.053183,24.986117,0,12390
2019-03-09T05:31:08.000Z,55.053183,24.9861,0,12500
2019-03-09T05:32:17.000Z,55.053167,24.98615,0,13300
2019-03-09T05:32:17.000Z,55.053167,24.98615,0,13300
2019-03-09T05:32:17.000Z,55.053167,24.98615,0,13300
2019-03-09T05:38:47.000Z,55.0532,24.986133,0,10200
2019-03-09T05:38:47.000Z,55.0532,24.986133,0,10200
2019-03-09T05:38:47.000Z,55.0532,24.986133,0,10200
2019-03-09T05:43:37.000Z,55.053167,24.98615,0,11300
2019-03-09T05:44:56.000Z,55.0532,24.986133,0,12490
2019-03-09T05:44:56.000Z,55.0532,24.986133,0,12490
2019-03-09T05:44:56.000Z,55.0532,24.986133,0,12490
2019-03-09T05:45:19.000Z,55.0532,24.986133,0,11480
2019-03-09T05:45:19.000Z,55.0532,24.986133,0,11480
2019-03-09T05:45:19.000Z,55.0532,24.986133,0,11480
2019-03-09T05:48:46.000Z,55.05345,24.986267,1,6900
2019-03-09T05:50:06.000Z,55.053697,24.986327,1,7920
2019-03-09T05:51:27.000Z,55.053923,24.986355,1,8300
2019-03-09T05:52:35.000Z,55.05413299999999,24.98635,1,9500
2019-03-09T05:53:46.000Z,55.05433299999999,24.9863,1,11690
2019-03-09T05:54:53.000Z,55.054417,24.986083,1,16100
2019-03-09T05:55:54.000Z,55.0545,24.985833,2,16210
2019-03-09T05:56:34.000Z,55.0546,24.98565,2,14900
2019-03-09T05:57:06.000Z,55.05476700000001,24.98555,2,11650
2019-03-09T05:57:37.000Z,55.05498299999999,24.98555,2,8700
2019-03-09T05:58:07.000Z,55.055167,24.985633,2,6400
2019-03-09T05:58:37.000Z,55.05535,24.9858,2,4300
2019-03-09T05:59:06.000Z,55.05545,24.986,2,1970
2019-03-09T05:59:27.000Z,55.055433,24.986183,2,70
2019-03-09T05:59:56.000Z,55.05541700000001,24.986383,3,35100
2019-03-09T06:00:27.000Z,55.0553,24.986633,3,34100
2019-03-09T06:00:46.000Z,55.055217000000006,24.986817,3,33910
2019-03-09T06:01:06.000Z,55.05515,24.987017,4,34170
2019-03-09T06:01:27.000Z,55.055083,24.987233,4,34440
2019-03-09T06:01:46.000Z,55.05501700000001,24.987467,4,34390
2019-03-09T06:02:06.000Z,55.054917,24.987733,5,34270
2019-03-09T06:02:27.000Z,55.054833,24.987983,5,34100
2019-03-09T06:03:06.000Z,55.054683,24.988417,5,34000
2019-03-09T06:03:27.000Z,55.054495,24.988887,6,34000
2019-03-09T06:03:46.000Z,55.054367000000006,24.98915,6,34020
2019-03-09T06:03:55.000Z,55.054283,24.989317,6,34000
2019-03-09T06:04:06.000Z,55.0542,24.989483,6,34000
2019-03-09T06:04:16.000Z,55.05416700000001,24.989683,7,34090
2019-03-09T06:04:26.000Z,55.05411700000001,24.989867,7,34100
2019-03-09T06:04:37.000Z,55.05405,24.99005,7,34070
2019-03-09T06:04:46.000Z,55.053983,24.99025,8,34110
2019-03-09T06:04:55.000Z,55.05391700000001,24.990417,8,34100
2019-03-09T06:05:06.000Z,55.053817,24.990633,8,34050
2019-03-09T06:05:17.000Z,55.053717000000006,24.99085,8,34000
2019-03-09T06:05:26.000Z,55.053633,24.99105,9,33970
2019-03-09T06:05:37.000Z,55.05351700000001,24.991283,9,33900
2019-03-09T06:05:46.000Z,55.053433,24.991517,9,33910
2019-03-09T06:05:56.000Z,55.053333,24.991717,9,33900
2019-03-09T06:06:16.000Z,55.053133,24.992183,10,33950
2019-03-09T06:06:26.000Z,55.053033,24.992433,10,33960
2019-03-09T06:06:37.000Z,55.052917,24.992683,10,34000
2019-03-09T06:06:46.000Z,55.05281700000001,24.992933,10,33900
2019-03-09T06:06:55.000Z,55.052717,24.993167,10,33930
2019-03-09T06:07:06.000Z,55.0526,24.993417,10,33960
2019-03-09T06:07:16.000Z,55.052483,24.9937,11,34000
2019-03-09T06:07:26.000Z,55.052383,24.993967,11,34000
2019-03-09T06:07:36.000Z,55.05226700000001,24.99425,11,34000
2019-03-09T06:07:46.000Z,55.05215,24.994517,11,33970
2019-03-09T06:07:55.000Z,55.05205,24.994767,11,34000
2019-03-09T06:08:06.000Z,55.051933,24.99505,11,34000
2019-03-09T06:08:26.000Z,55.0517,24.995617000000006,12,33990
2019-03-09T06:08:36.000Z,55.051583,24.9959,12,33990
2019-03-09T06:08:46.000Z,55.051467,24.996183,12,33990
2019-03-09T06:09:06.000Z,55.051233,24.99675,12,33900
2019-03-09T06:09:16.000Z,55.051083,24.9971,12,33910
2019-03-09T06:09:26.000Z,55.05095,24.9974,12,33890
2019-03-09T06:09:46.000Z,55.050733,24.997967000000006,12,34000
2019-03-09T06:09:55.000Z,55.0506,24.998267,12,34000
2019-03-09T06:10:06.000Z,55.05048299999999,24.998583,12,34020
2019-03-09T06:10:16.000Z,55.05035,24.998917,12,34000
2019-03-09T06:10:26.000Z,55.050233,24.9992,12,34010
2019-03-09T06:10:36.000Z,55.0501,24.999533,12,34010
2019-03-09T06:10:46.000Z,55.049983,24.99985,12,33980
2019-03-09T06:10:55.000Z,55.049867000000006,25.000117000000003,12,34000
2019-03-09T06:11:05.000Z,55.049733,25.00045,12,33900
2019-03-09T06:11:16.000Z,55.0496,25.00075,12,33890
2019-03-09T06:11:26.000Z,55.049483,25.001033,12,33890
2019-03-09T06:11:36.000Z,55.049383,25.001283,12,33900
2019-03-09T06:12:05.000Z,55.049017000000006,25.002183,12,33900
2019-03-09T06:12:36.000Z,55.04864,25.003075,12,33900
2019-03-09T06:12:46.000Z,55.048517,25.003357,12,33920
2019-03-09T06:12:56.000Z,55.04841700000001,25.003567,11,33900
2019-03-09T06:13:05.000Z,55.0483,25.00385,11,33900
2019-03-09T06:13:16.000Z,55.048183,25.00415,11,33930
2019-03-09T06:13:25.000Z,55.048067,25.0044,11,33930
2019-03-09T06:13:36.000Z,55.04795,25.004683,11,33940
2019-03-09T06:13:46.000Z,55.047833,25.004967,12,33930
2019-03-09T06:14:05.000Z,55.047617,25.0055,12,34000
2019-03-09T06:14:16.000Z,55.04746700000001,25.00585,12,33950
2019-03-09T06:14:25.000Z,55.047367,25.006117,12,33900
2019-03-09T06:14:36.000Z,55.047233,25.006433,12,33950
2019-03-09T06:14:47.000Z,55.0471,25.006733,12,33940
2019-03-09T06:14:56.000Z,55.046983,25.007017,12,33900
2019-03-09T06:15:17.000Z,55.046733,25.00765,12,34000
2019-03-09T06:15:26.000Z,55.04661700000001,25.007933,13,34000
2019-03-09T06:15:36.000Z,55.04646700000001,25.008267,13,34000
2019-03-09T06:15:46.000Z,55.04635,25.0086,13,33990
2019-03-09T06:16:06.000Z,55.046067,25.00925,14,33960
2019-03-09T06:16:16.000Z,55.045933,25.009583,14,33940
2019-03-09T06:16:26.000Z,55.04578299999999,25.009933,14,33980
2019-03-09T06:16:36.000Z,55.04565,25.010283,14,34000
2019-03-09T06:16:46.000Z,55.0455,25.010633,15,34000
2019-03-09T06:16:55.000Z,55.045383,25.01095,15,33950
2019-03-09T06:17:06.000Z,55.045217,25.011317,15,33920
2019-03-09T06:17:16.000Z,55.04505,25.011717,15,33920
2019-03-09T06:17:26.000Z,55.0449,25.012083,15,33970
2019-03-09T06:17:36.000Z,55.04475,25.012467,15,33950
2019-03-09T06:17:46.000Z,55.044583,25.012833,15,33900
2019-03-09T06:18:06.000Z,55.04428299999999,25.013567,16,33900
2019-03-09T06:18:16.000Z,55.0441,25.013983,16,33900
2019-03-09T06:18:27.000Z,55.04395,25.014383,16,34000
2019-03-09T06:18:36.000Z,55.0438,25.014767000000006,16,34100
2019-03-09T06:18:46.000Z,55.043667000000006,25.015133,16,34100
2019-03-09T06:18:56.000Z,55.0435,25.015567,16,34120
2019-03-09T06:19:06.000Z,55.043333,25.015983,17,34070
2019-03-09T06:19:19.000Z,55.043167,25.016433,17,34100
2019-03-09T06:19:27.000Z,55.043017000000006,25.0168,17,34030
2019-03-09T06:19:37.000Z,55.04285,25.0172,17,34000
2019-03-09T06:19:46.000Z,55.042683,25.017617,17,34030
2019-03-09T06:19:56.000Z,55.04255,25.017983,17,34100
2019-03-09T06:20:07.000Z,55.042383,25.01845,17,34200
2019-03-09T06:20:26.000Z,55.04213299999999,25.01925,17,34360
2019-03-09T06:20:37.000Z,55.04196700000001,25.019733,17,34300
2019-03-09T06:20:46.000Z,55.041817,25.020167,18,34280
2019-03-09T06:20:56.000Z,55.041667,25.020617,18,34260
2019-03-09T06:21:07.000Z,55.0415,25.021117,18,34300
2019-03-09T06:21:17.000Z,55.041333,25.021583,19,34300
2019-03-09T06:21:26.000Z,55.0412,25.022,19,34300
2019-03-09T06:21:37.000Z,55.04105,25.022483,19,34300
2019-03-09T06:21:46.000Z,55.0409,25.022917,19,34320
2019-03-09T06:21:56.000Z,55.04075,25.0234,20,34360
2019-03-09T06:22:07.000Z,55.040583,25.023933,20,34400
2019-03-09T06:22:17.000Z,55.0404,25.024417,20,34300
2019-03-09T06:22:26.000Z,55.04021700000001,25.0249,20,34140
2019-03-09T06:22:37.000Z,55.03998299999999,25.02545,20,34000
2019-03-09T06:22:45.000Z,55.039817000000006,25.025833,20,33900
2019-03-09T06:22:56.000Z,55.03958299999999,25.026383,20,33910
2019-03-09T06:23:07.000Z,55.03936700000001,25.026933,21,34000
2019-03-09T06:23:26.000Z,55.03896700000001,25.027867,21,33900
2019-03-09T06:23:37.000Z,55.03873299999999,25.02835,21,33700
2019-03-09T06:23:45.000Z,55.0385,25.028783,21,33630
2019-03-09T06:23:56.000Z,55.038217,25.0293,21,33410
2019-03-09T06:24:07.000Z,55.0379,25.029767,20,33000
2019-03-09T06:24:16.000Z,55.037583,25.0302,20,32860
2019-03-09T06:24:26.000Z,55.03726700000001,25.03065,21,32740
2019-03-09T06:24:45.000Z,55.036667,25.0315,21,32800
2019-03-09T06:24:56.000Z,55.036317,25.031983,21,32740
2019-03-09T06:25:07.000Z,55.03596700000001,25.032483,21,32630
2019-03-09T06:25:16.000Z,55.03565,25.032867,21,32400
2019-03-09T06:25:27.000Z,55.0353,25.033217,21,32120
2019-03-09T06:25:37.000Z,55.034883,25.033667,21,32000
2019-03-09T06:25:45.000Z,55.034483,25.034067,21,31900
2019-03-09T06:25:56.000Z,55.034083,25.034467000000006,21,31830
2019-03-09T06:26:07.000Z,55.033667,25.034917,21,31900
2019-03-09T06:26:26.000Z,55.03293299999999,25.035683,21,31870
2019-03-09T06:26:37.000Z,55.032483,25.036117,21,31700
2019-03-09T06:26:46.000Z,55.03215,25.036433,21,31600
2019-03-09T06:26:56.000Z,55.03171700000001,25.036817000000006,21,31540
2019-03-09T06:27:07.000Z,55.0313,25.0372,21,31520
2019-03-09T06:27:17.000Z,55.030833,25.037617,21,31500
2019-03-09T06:27:26.000Z,55.0304,25.038,21,31510
2019-03-09T06:27:37.000Z,55.02993299999999,25.038433,21,31500
2019-03-09T06:27:47.000Z,55.029533,25.038783,21,31430
2019-03-09T06:27:56.000Z,55.02911700000001,25.039167000000006,21,31460
2019-03-09T06:28:05.000Z,55.028733,25.039517,22,31500
2019-03-09T06:28:17.000Z,55.02825,25.03995,22,31480
2019-03-09T06:28:26.000Z,55.02781700000001,25.040333,22,31500
2019-03-09T06:28:47.000Z,55.026967000000006,25.041117,22,31500
2019-03-09T06:29:05.000Z,55.0262,25.041817,22,31500
2019-03-09T06:29:17.000Z,55.025617,25.042333,22,31500
2019-03-09T06:29:26.000Z,55.02523299999999,25.042683,22,31440
2019-03-09T06:29:37.000Z,55.02475,25.0431,22,31400
2019-03-09T06:29:47.000Z,55.02435,25.04345,22,31410
2019-03-09T06:30:05.000Z,55.02351700000001,25.044183,22,31400
2019-03-09T06:30:17.000Z,55.023033,25.044617,22,31400
2019-03-09T06:30:28.000Z,55.0226,25.045,22,31400
2019-03-09T06:30:38.000Z,55.02215,25.0454,22,31400
2019-03-09T06:30:47.000Z,55.0217,25.045783,22,31400
2019-03-09T06:30:56.000Z,55.02125,25.046167,22,31370
2019-03-09T06:31:05.000Z,55.02085,25.046517,22,31400
2019-03-09T06:31:17.000Z,55.020333,25.047,22,31400
2019-03-09T06:31:25.000Z,55.019967,25.047317,22,31400
2019-03-09T06:31:47.000Z,55.01905,25.04815,22,31400
2019-03-09T06:31:56.000Z,55.01865,25.0485,22,31430
2019-03-09T06:32:06.000Z,55.0182,25.0489,22,31440
2019-03-09T06:32:17.000Z,55.01771700000001,25.04935,22,31500
2019-03-09T06:32:25.000Z,55.017283,25.04975,22,31500
2019-03-09T06:32:36.000Z,55.01685,25.05015,22,31510
2019-03-09T06:32:47.000Z,55.016367,25.050583,22,31500
2019-03-09T06:32:56.000Z,55.015967,25.05095,22,31460
2019-03-09T06:33:07.000Z,55.015483,25.051383,22,31500
2019-03-09T06:33:17.000Z,55.015083,25.05175,22,31500
2019-03-09T06:33:25.000Z,55.014683,25.0521,22,31400
2019-03-09T06:33:36.000Z,55.014233,25.052483,22,31400
2019-03-09T06:33:47.000Z,55.013733,25.052917,22,31400
2019-03-09T06:33:56.000Z,55.013283,25.053317,22,31440
2019-03-09T06:34:07.000Z,55.01285,25.053717,22,31400
2019-03-09T06:34:16.000Z,55.01245,25.054083,22,31500
2019-03-09T06:34:25.000Z,55.012,25.054483,22,31500
2019-03-09T06:34:36.000Z,55.01151700000001,25.054917,22,31430
2019-03-09T06:34:46.000Z,55.0111,25.055267,22,31400
2019-03-09T06:34:56.000Z,55.010617,25.0557,22,31400
2019-03-09T06:35:07.000Z,55.010117,25.056133,22,31400
2019-03-09T06:35:16.000Z,55.009767,25.05645,22,31440
2019-03-09T06:35:25.000Z,55.009317,25.05685,22,31430
2019-03-09T06:35:36.000Z,55.00881700000001,25.057283,22,31430
2019-03-09T06:35:46.000Z,55.00836700000001,25.057683,22,31430
2019-03-09T06:35:56.000Z,55.007917000000006,25.058083,22,31440
2019-03-09T06:36:07.000Z,55.007433,25.058517,22,31500
2019-03-09T06:36:16.000Z,55.007067000000006,25.058833,22,31400
2019-03-09T06:36:26.000Z,55.00661700000001,25.059217,22,31300
2019-03-09T06:36:46.000Z,55.0057,25.059967,22,31200
2019-03-09T06:36:56.000Z,55.0052,25.0604,22,31300
2019-03-09T06:37:06.000Z,55.00475,25.060783,22,31300
2019-03-09T06:37:15.000Z,55.0043,25.061183,22,31400
2019-03-09T06:37:25.000Z,55.00385,25.061567,22,31410
2019-03-09T06:37:36.000Z,55.0034,25.061967000000006,22,31380
2019-03-09T06:37:46.000Z,55.00295,25.06235,22,31350
2019-03-09T06:37:56.000Z,55.0025,25.062733,22,31320
2019-03-09T06:38:06.000Z,55.00205,25.063117,22,31280
2019-03-09T06:38:17.000Z,55.001583,25.0635,22,31300
2019-03-09T06:38:25.000Z,55.001183,25.06385,22,31300
2019-03-09T06:38:36.000Z,55.000733,25.06425,22,31330
2019-03-09T06:38:46.000Z,55.000283,25.064633,22,31330
2019-03-09T06:38:56.000Z,54.999783,25.065067000000006,22,31400
2019-03-09T06:39:07.000Z,54.99933299999999,25.065467,22,31400
2019-03-09T06:39:26.000Z,54.99845,25.066267,22,31480
2019-03-09T06:39:36.000Z,54.99805,25.066633,22,31500
2019-03-09T06:39:47.000Z,54.997517,25.0671,22,31500
2019-03-09T06:39:56.000Z,54.997117,25.06745,22,31440
2019-03-09T06:40:07.000Z,54.996667,25.06785,22,31400
2019-03-09T06:40:17.000Z,54.996217,25.06825,22,31400
2019-03-09T06:40:26.000Z,54.995783,25.068633,22,31400
2019-03-09T06:40:47.000Z,54.994883,25.069433,22,31400
2019-03-09T06:40:57.000Z,54.994383,25.069867,22,31400
2019-03-09T06:41:06.000Z,54.99398299999999,25.070217,22,31420
2019-03-09T06:41:17.000Z,54.993483,25.07065,22,31400
2019-03-09T06:41:26.000Z,54.993083,25.071017,22,31420
2019-03-09T06:41:47.000Z,54.992167,25.071867,22,31600
2019-03-09T06:41:57.000Z,54.991733,25.072283,22,31600
2019-03-09T06:42:06.000Z,54.991383,25.0726,22,31590
2019-03-09T06:42:17.000Z,54.9909,25.07305,22,31600
2019-03-09T06:42:27.000Z,54.990467,25.07345,22,31600
2019-03-09T06:42:37.000Z,54.99,25.073917,22,31600
2019-03-09T06:42:47.000Z,54.98955,25.074317,22,31500
2019-03-09T06:42:57.000Z,54.9891,25.074717,22,31500
2019-03-09T06:43:06.000Z,54.988683,25.075067,22,31420
2019-03-09T06:43:17.000Z,54.9882,25.075517,22,31500
2019-03-09T06:43:27.000Z,54.9878,25.075883,22,31500
2019-03-09T06:43:37.000Z,54.987317,25.076317,22,31460
2019-03-09T06:43:47.000Z,54.98691700000001,25.076667,22,31500
2019-03-09T06:43:54.000Z,54.98691700000001,25.076667,22,31500
2019-03-09T06:43:54.000Z,54.98691700000001,25.076667,22,31500
2019-03-09T06:43:54.000Z,54.98691700000001,25.076667,22,31500
2019-03-09T06:43:57.000Z,54.986383,25.07715,22,31430
2019-03-09T06:44:07.000Z,54.986033,25.077467,22,31450
2019-03-09T06:44:17.000Z,54.985583,25.077867,22,31500
2019-03-09T06:44:26.000Z,54.9851,25.0783,22,31500
2019-03-09T06:44:36.000Z,54.9847,25.078667000000006,22,31420
2019-03-09T06:44:47.000Z,54.9842,25.0791,22,31400
2019-03-09T06:44:58.000Z,54.98375,25.0795,22,31400
2019-03-09T06:45:06.000Z,54.98335,25.079867,22,31400
2019-03-09T06:45:17.000Z,54.98291700000001,25.080267000000006,22,31400
2019-03-09T06:45:27.000Z,54.98246700000001,25.080667,22,31400
2019-03-09T06:45:47.000Z,54.98156700000001,25.08145,22,31400
2019-03-09T06:45:57.000Z,54.98111700000001,25.08185,22,31400
2019-03-09T06:46:06.000Z,54.980667,25.08225,22,31390
2019-03-09T06:46:17.000Z,54.980167,25.082683,22,31400
2019-03-09T06:46:27.000Z,54.979767,25.08305,22,31380
2019-03-09T06:46:36.000Z,54.979317,25.08345,22,31360
2019-03-09T06:46:47.000Z,54.97881700000001,25.083883,22,31400
2019-03-09T06:46:57.000Z,54.97836700000001,25.084283,22,31400
2019-03-09T06:47:06.000Z,54.978,25.0846,22,31400
2019-03-09T06:47:17.000Z,54.9775,25.085033,22,31400
2019-03-09T06:47:27.000Z,54.97705,25.085433,22,31400
2019-03-09T06:47:36.000Z,54.9766,25.085833,22,31400
2019-03-09T06:47:46.000Z,54.97615,25.086217,22,31410
2019-03-09T06:47:57.000Z,54.97565,25.086667,22,31400
2019-03-09T06:48:06.000Z,54.975233,25.087017000000003,22,31370
2019-03-09T06:48:12.000Z,54.975233,25.087017000000003,22,31370
2019-03-09T06:48:12.000Z,54.975233,25.087017000000003,22,31370
2019-03-09T06:48:12.000Z,54.975233,25.087017000000003,22,31370
2019-03-09T06:48:26.000Z,54.974383,25.087783,22,31400
2019-03-09T06:48:37.000Z,54.973883,25.088217,22,31400
2019-03-09T06:48:46.000Z,54.97341700000001,25.088617000000006,22,31400
2019-03-09T06:48:56.000Z,54.973,25.088967,22,31390
2019-03-09T06:49:06.000Z,54.9725,25.089383,22,31380
2019-03-09T06:49:17.000Z,54.972033,25.089767,22,31400
2019-03-09T06:49:26.000Z,54.971617,25.090117000000006,22,31400
2019-03-09T06:49:36.000Z,54.971167,25.090517,22,31400
2019-03-09T06:49:56.000Z,54.97025,25.091317,22,31430
2019-03-09T06:50:17.000Z,54.96938299999999,25.092083,21,31400
2019-03-09T06:50:26.000Z,54.969,25.092417,21,31350
2019-03-09T06:50:56.000Z,54.9677,25.09355,20,31420
2019-03-09T06:51:06.000Z,54.967283,25.0939,20,31450
2019-03-09T06:51:17.000Z,54.966883,25.094267,20,31480
2019-03-09T06:51:26.000Z,54.966533,25.0946,20,31500
2019-03-09T06:51:36.000Z,54.966133,25.09495,20,31500
2019-03-09T06:51:47.000Z,54.9657,25.09535,20,31500
2019-03-09T06:51:56.000Z,54.96531700000001,25.095717,20,31500
2019-03-09T06:52:06.000Z,54.964967,25.096033,20,31520
2019-03-09T06:52:17.000Z,54.96455,25.096417,19,31500
2019-03-09T06:52:25.000Z,54.964167,25.096767,19,31510
2019-03-09T06:52:36.000Z,54.96378299999999,25.097117,19,31500
2019-03-09T06:52:47.000Z,54.96336700000001,25.0975,19,31500
2019-03-09T06:52:56.000Z,54.963017,25.0978,19,31480
2019-03-09T06:53:06.000Z,54.96265,25.098133,19,31470
2019-03-09T06:53:17.000Z,54.962283,25.098467000000007,19,31460
2019-03-09T06:53:25.000Z,54.96195,25.098767,18,31500
2019-03-09T06:53:36.000Z,54.961583,25.099083,18,31450
2019-03-09T06:53:47.000Z,54.9612,25.099433,18,31500
2019-03-09T06:53:56.000Z,54.96085,25.09975,18,31500
2019-03-09T06:54:06.000Z,54.9605,25.100083,17,31500
2019-03-09T06:54:17.000Z,54.96015,25.1004,17,31500
2019-03-09T06:54:25.000Z,54.95985,25.100667,17,31500
2019-03-09T06:54:47.000Z,54.9591,25.101333,17,31500
2019-03-09T06:54:56.000Z,54.9588,25.1016,17,31510
2019-03-09T06:55:06.000Z,54.9585,25.101883,17,31600
2019-03-09T06:55:12.000Z,54.9585,25.101883,17,31600
2019-03-09T06:55:12.000Z,54.9585,25.101883,17,31600
2019-03-09T06:55:12.000Z,54.9585,25.101883,17,31600
2019-03-09T06:55:17.000Z,54.95815,25.102217,16,31700
2019-03-09T06:55:27.000Z,54.95781700000001,25.102567,16,31790
2019-03-09T06:55:36.000Z,54.95758299999999,25.102817,16,31920
2019-03-09T06:55:47.000Z,54.957267,25.103183,16,32100
2019-03-09T06:55:56.000Z,54.95701700000001,25.103517,16,32370
2019-03-09T06:56:04.000Z,54.95685,25.103767,16,32600
2019-03-09T06:56:10.000Z,54.9567,25.103967,16,32700
2019-03-09T06:56:13.000Z,54.956617,25.104117,16,32800
2019-03-09T06:56:23.000Z,54.956417,25.104467,16,33100
2019-03-09T06:56:30.000Z,54.9563,25.104683,15,33200
2019-03-09T06:56:36.000Z,54.956183,25.1049,15,33400
2019-03-09T06:56:40.000Z,54.9561,25.105067,15,33490
2019-03-09T06:56:46.000Z,54.956,25.105283,15,33630
2019-03-09T06:56:57.000Z,54.95586700000001,25.105617,15,33900
2019-03-09T06:57:07.000Z,54.95571700000001,25.10605,15,34120
2019-03-09T06:57:17.000Z,54.9556,25.106383,15,34300
2019-03-09T06:57:27.000Z,54.9555,25.10675,15,34500
2019-03-09T06:57:36.000Z,54.9554,25.107133,15,34660
2019-03-09T06:57:46.000Z,54.955317,25.107517,15,34850
2019-03-09T06:57:56.000Z,54.95525,25.1079,15,35020
2019-03-09T06:58:08.000Z,54.9552,25.108317,15,35200
2019-03-09T06:58:17.000Z,54.955167,25.1087,15,35400
2019-03-09T06:58:27.000Z,54.955133,25.109083,15,35600
2019-03-09T06:58:36.000Z,54.955117,25.109383,15,35660
2019-03-09T06:58:47.000Z,54.9551,25.1098,15,35800
2019-03-09T06:58:56.000Z,54.9551,25.11015,15,35940
2019-03-09T06:59:07.000Z,54.955117,25.110583,15,100
2019-03-09T06:59:17.000Z,54.955133,25.110967,15,200
2019-03-09T06:59:28.000Z,54.955183,25.111383,15,400
2019-03-09T06:59:34.000Z,54.955183,25.111383,15,400
2019-03-09T06:59:34.000Z,54.955183,25.111383,15,400
2019-03-09T06:59:34.000Z,54.955183,25.111383,15,400
2019-03-09T06:59:47.000Z,54.95525,25.112083,15,580
2019-03-09T06:59:57.000Z,54.9553,25.112467,14,570
2019-03-09T07:00:03.000Z,54.955317,25.112683,14,520
2019-03-09T07:00:07.000Z,54.955333,25.112867,14,400
2019-03-09T07:00:17.000Z,54.955333,25.113217,14,100
2019-03-09T07:00:27.000Z,54.9553,25.113567,14,35700
2019-03-09T07:00:36.000Z,54.95523299999999,25.113833,13,35250
2019-03-09T07:01:07.000Z,54.95475,25.114783,12,33100
2019-03-09T07:01:13.000Z,54.95475,25.114783,12,33100
2019-03-09T07:01:13.000Z,54.95475,25.114783,12,33100
2019-03-09T07:01:13.000Z,54.95475,25.114783,12,33100
2019-03-09T07:01:17.000Z,54.954533,25.115017,12,32400
2019-03-09T07:01:27.000Z,54.954317,25.115217,12,31890
2019-03-09T07:01:46.000Z,54.953783,25.1156,12,30800
2019-03-09T07:02:07.000Z,54.95316700000001,25.115883,12,29520
2019-03-09T07:02:17.000Z,54.95288299999999,25.11595,12,29000
2019-03-09T07:02:26.000Z,54.95255,25.116033,12,28600
2019-03-09T07:02:37.000Z,54.95221700000001,25.116083,12,28200
2019-03-09T07:02:47.000Z,54.951883,25.116117000000006,12,27820
2019-03-09T07:02:56.000Z,54.95155,25.116133,12,27480
2019-03-09T07:03:08.000Z,54.95116700000001,25.11615,12,27300
2019-03-09T07:03:17.000Z,54.9508,25.11615,12,27200
2019-03-09T07:03:27.000Z,54.950483,25.11615,12,27000
2019-03-09T07:03:37.000Z,54.95011700000001,25.11615,13,27000
2019-03-09T07:03:46.000Z,54.94975,25.116133,13,26900
2019-03-09T07:03:57.000Z,54.94935,25.1161,13,26700
2019-03-09T07:04:08.000Z,54.948883,25.116067,14,26680
2019-03-09T07:04:18.000Z,54.948567,25.116067,14,26700
2019-03-09T07:04:27.000Z,54.948117,25.116083,14,27000
2019-03-09T07:04:57.000Z,54.94686700000001,25.116167,15,27510
2019-03-09T07:05:13.000Z,54.946117,25.116317,16,28130
2019-03-09T07:05:20.000Z,54.94585,25.116383,16,28300
2019-03-09T07:05:27.000Z,54.94555,25.116467,16,28400
2019-03-09T07:05:33.000Z,54.94521700000001,25.116533,17,28390
2019-03-09T07:05:47.000Z,54.944617,25.116683,17,28500
2019-03-09T07:05:57.000Z,54.944133,25.116833,17,28700
2019-03-09T07:06:08.000Z,54.943633,25.117017,18,28900
2019-03-09T07:06:27.000Z,54.9427,25.1173,18,28820
2019-03-09T07:06:36.000Z,54.942233,25.117467,18,28720
2019-03-09T07:06:47.000Z,54.941667,25.117617000000006,19,28700
2019-03-09T07:06:56.000Z,54.94125,25.117733,19,28800
2019-03-09T07:07:01.000Z,54.941,25.117817,19,28900
2019-03-09T07:07:13.000Z,54.940367,25.1181,19,29430
2019-03-09T07:07:17.000Z,54.940167,25.1182,19,29620
2019-03-09T07:07:28.000Z,54.93966700000001,25.1185,19,30090
2019-03-09T07:07:34.000Z,54.9394,25.118667,19,30370
2019-03-09T07:07:40.000Z,54.93915,25.118867,19,30680
2019-03-09T07:07:47.000Z,54.938867,25.1191,19,31000
2019-03-09T07:07:54.000Z,54.938583,25.119333,19,31100
2019-03-09T07:08:01.000Z,54.93835,25.119533,19,31230
2019-03-09T07:08:07.000Z,54.938067,25.1198,20,31400
2019-03-09T07:08:14.000Z,54.9378,25.12005,20,31530
2019-03-09T07:08:28.000Z,54.937283,25.1205,20,31400
2019-03-09T07:08:36.000Z,54.9369,25.120817,20,31300
2019-03-09T07:08:47.000Z,54.936433,25.121167,20,31240
2019-03-09T07:08:56.000Z,54.9361,25.121433,20,31220
2019-03-09T07:09:07.000Z,54.935633,25.121817,20,31200
2019-03-09T07:09:17.000Z,54.93511700000001,25.122233,20,31140
2019-03-09T07:09:28.000Z,54.93466700000001,25.122567,20,31090
2019-03-09T07:09:36.000Z,54.93431700000001,25.12285,20,31080
2019-03-09T07:09:47.000Z,54.93385,25.123233,20,31100
2019-03-09T07:09:56.000Z,54.9335,25.123533,21,31200
2019-03-09T07:10:07.000Z,54.933033,25.123933,21,31170
2019-03-09T07:10:17.000Z,54.93256700000001,25.12435,21,31200
2019-03-09T07:10:28.000Z,54.93213299999999,25.124717,21,31160
2019-03-09T07:10:47.000Z,54.931217,25.125467,21,31090
2019-03-09T07:10:57.000Z,54.93085,25.12575,21,31000
2019-03-09T07:11:07.000Z,54.9304,25.1261,21,31000
2019-03-09T07:11:18.000Z,54.9299,25.1265,21,31100
2019-03-09T07:11:36.000Z,54.929083,25.1272,21,31310
2019-03-09T07:11:47.000Z,54.9286,25.127633,21,31400
2019-03-09T07:12:07.000Z,54.927717,25.128383,21,31350
2019-03-09T07:12:16.000Z,54.927317,25.128717,22,31300
2019-03-09T07:12:29.000Z,54.9268,25.129183,22,31330
2019-03-09T07:12:34.000Z,54.9268,25.129183,22,31330
2019-03-09T07:12:34.000Z,54.9268,25.129183,22,31330
2019-03-09T07:12:34.000Z,54.9268,25.129183,22,31330
2019-03-09T07:12:36.000Z,54.926433,25.129483,22,31330
2019-03-09T07:13:07.000Z,54.92505,25.13065,22,31300
2019-03-09T07:13:16.000Z,54.92465,25.131,22,31290
2019-03-09T07:13:36.000Z,54.92375,25.131767,22,31300
2019-03-09T07:13:47.000Z,54.923267,25.1322,22,31200
2019-03-09T07:14:07.000Z,54.922233,25.132917000000006,22,31250
2019-03-09T07:14:36.000Z,54.92095,25.133983,22,31230
2019-03-09T07:14:47.000Z,54.92045,25.134417000000006,22,31200
2019-03-09T07:15:07.000Z,54.919533,25.135217,22,31300
2019-03-09T07:15:17.000Z,54.91911700000001,25.135567,22,31300
2019-03-09T07:15:26.000Z,54.91865,25.13595,22,31300
2019-03-09T07:15:36.000Z,54.918233,25.1363,22,31380
2019-03-09T07:16:07.000Z,54.916883,25.137633,23,31800
2019-03-09T07:16:16.000Z,54.91648299999999,25.1381,23,32050
2019-03-09T07:16:20.000Z,54.916333,25.138283,23,32160
2019-03-09T07:16:23.000Z,54.916217,25.138433,23,32300
2019-03-09T07:16:26.000Z,54.91611700000001,25.138583,23,32350
2019-03-09T07:16:30.000Z,54.915967,25.138783,23,32490
2019-03-09T07:16:33.000Z,54.915883,25.138933,23,32600
2019-03-09T07:16:40.000Z,54.915667000000006,25.1393,23,32850
2019-03-09T07:16:43.000Z,54.915567,25.13945,23,33000
2019-03-09T07:16:47.000Z,54.915483,25.139617,23,33040
2019-03-09T07:16:50.000Z,54.9154,25.139783,23,33200
2019-03-09T07:16:53.000Z,54.9153,25.14,23,33300
2019-03-09T07:17:00.000Z,54.91515,25.140317,23,33560
2019-03-09T07:17:07.000Z,54.915,25.140783,23,33900
2019-03-09T07:17:10.000Z,54.914933,25.14095,23,34000
2019-03-09T07:17:13.000Z,54.914867,25.141183,23,34150
2019-03-09T07:17:20.000Z,54.91476700000001,25.141517,23,34310
2019-03-09T07:17:23.000Z,54.914717,25.14175,23,34390
2019-03-09T07:17:30.000Z,54.91461700000001,25.142133,23,34530
2019-03-09T07:17:37.000Z,54.914533,25.142483,23,34700
2019-03-09T07:17:40.000Z,54.914483,25.142717,23,34740
2019-03-09T07:17:43.000Z,54.914433,25.14295,23,34770
2019-03-09T07:17:56.000Z,54.914267,25.143633,23,34790
2019-03-09T07:18:26.000Z,54.91391700000001,25.145367,23,34910
2019-03-09T07:18:37.000Z,54.91375,25.146,23,34730
2019-03-09T07:18:47.000Z,54.9136,25.146517000000006,23,34600
2019-03-09T07:18:56.000Z,54.913467,25.147033,23,34600
2019-03-09T07:19:07.000Z,54.91326700000001,25.147667,23,34500
2019-03-09T07:19:16.000Z,54.9131,25.14825,23,34520
2019-03-09T07:19:27.000Z,54.912967,25.148867000000006,23,34500
2019-03-09T07:19:37.000Z,54.91275,25.149483,23,34500
2019-03-09T07:19:47.000Z,54.912583,25.15005,23,34500
2019-03-09T07:20:08.000Z,54.91223299999999,25.1512,23,34500
2019-03-09T07:20:37.000Z,54.911733,25.152867,23,34500
2019-03-09T07:20:47.000Z,54.911533,25.153567,24,34520
2019-03-09T07:20:56.000Z,54.9114,25.154033,24,34530
2019-03-09T07:21:07.000Z,54.91121700000001,25.154683,24,34500
2019-03-09T07:21:16.000Z,54.911067,25.155217,24,34550
2019-03-09T07:21:29.000Z,54.910883,25.155867,24,34600
2019-03-09T07:21:33.000Z,54.910883,25.155867,24,34600
2019-03-09T07:21:33.000Z,54.910883,25.155867,24,34600
2019-03-09T07:21:33.000Z,54.910883,25.155867,24,34600
2019-03-09T07:21:37.000Z,54.91071700000001,25.156467000000006,24,34600
2019-03-09T07:21:49.000Z,54.910533,25.157067,24,34600
2019-03-09T07:21:56.000Z,54.9104,25.157533,24,34550
2019-03-09T07:22:09.000Z,54.9102,25.15825,24,34540
2019-03-09T07:22:37.000Z,54.909733,25.160017,24,34500
2019-03-09T07:22:48.000Z,54.909533,25.160667,24,34500
2019-03-09T07:23:07.000Z,54.9092,25.161867,24,34500
2019-03-09T07:23:16.000Z,54.909033,25.1624,24,34510
2019-03-09T07:23:27.000Z,54.90885,25.163,24,34500
2019-03-09T07:23:37.000Z,54.908667,25.16365,24,34530
2019-03-09T07:23:47.000Z,54.9085,25.16425,24,34550
2019-03-09T07:24:07.000Z,54.90816700000001,25.1654,24,34500
2019-03-09T07:24:16.000Z,54.907983,25.166,24,34510
2019-03-09T07:24:37.000Z,54.907667,25.167267,24,34700
2019-03-09T07:24:52.000Z,54.907533,25.167883,24,34800
2019-03-09T07:24:52.000Z,54.907533,25.167883,24,34800
2019-03-09T07:24:52.000Z,54.907533,25.167883,24,34800
2019-03-09T07:24:57.000Z,54.9074,25.168417,24,34890
2019-03-09T07:25:08.000Z,54.907267,25.1691,24,34900
2019-03-09T07:25:16.000Z,54.90715,25.16965,25,35000
2019-03-09T07:25:37.000Z,54.9069,25.1709,25,35000
2019-03-09T07:25:47.000Z,54.90675,25.171633,24,34970
2019-03-09T07:25:57.000Z,54.90665,25.172133,24,35000
2019-03-09T07:26:07.000Z,54.906517,25.172817,24,35000
2019-03-09T07:26:57.000Z,54.905933,25.17585,25,35000
2019-03-09T07:27:08.000Z,54.9058,25.176533,25,34950
2019-03-09T07:27:16.000Z,54.905683,25.177083,24,35000
2019-03-09T07:27:27.000Z,54.90555,25.177833,25,34940
2019-03-09T07:27:37.000Z,54.90545,25.178333,25,35000
2019-03-09T07:27:46.000Z,54.905317,25.178933,25,34970
2019-03-09T07:28:19.000Z,54.90493299999999,25.180867000000006,25,35000
2019-03-09T07:28:37.000Z,54.9047,25.18205,25,35000
2019-03-09T07:28:47.000Z,54.904583,25.182667,25,35000
2019-03-09T07:28:57.000Z,54.90445,25.183283,25,35000
2019-03-09T07:29:06.000Z,54.904317000000006,25.1839,25,34960
2019-03-09T07:29:17.000Z,54.9042,25.184517,25,35000
2019-03-09T07:29:28.000Z,54.90406700000001,25.1852,25,35000
2019-03-09T07:29:37.000Z,54.903933,25.185817,25,35000
2019-03-09T07:29:48.000Z,54.903833,25.186383,25,35010
2019-03-09T07:29:58.000Z,54.9037,25.187067000000006,25,35000
2019-03-09T07:30:38.000Z,54.90323299999999,25.189483,25,35000
2019-03-09T07:30:47.000Z,54.9031,25.190117,25,35000
2019-03-09T07:31:06.000Z,54.90285,25.19135,25,34990
2019-03-09T07:31:17.000Z,54.902717,25.192033,25,35000
2019-03-09T07:31:28.000Z,54.90258299999999,25.192667,25,35000
2019-03-09T07:31:40.000Z,54.902467,25.193283,25,35000
2019-03-09T07:31:47.000Z,54.90235,25.193833,25,34900
2019-03-09T07:32:06.000Z,54.9021,25.195017,25,34970
2019-03-09T07:32:17.000Z,54.901967000000006,25.1957,25,35000
2019-03-09T07:32:37.000Z,54.90173299999999,25.19695,25,35000
2019-03-09T07:32:57.000Z,54.9015,25.19825,25,35100
2019-03-09T07:33:06.000Z,54.9014,25.1988,25,35060
2019-03-09T07:33:17.000Z,54.901267,25.199483,25,35100
2019-03-09T07:33:58.000Z,54.900817,25.201967,25,35050
2019-03-09T07:34:17.000Z,54.900583,25.20315,25,35000
2019-03-09T07:34:28.000Z,54.90045,25.203883,25,35020
2019-03-09T07:34:57.000Z,54.900083,25.205683,25,35000
2019-03-09T07:35:08.000Z,54.899983,25.206233,25,35120
2019-03-09T07:35:17.000Z,54.8999,25.206917,25,35200
2019-03-09T07:35:27.000Z,54.89981700000001,25.207483,24,35300
2019-03-09T07:35:48.000Z,54.899683,25.2088,24,35490
2019-03-09T07:36:06.000Z,54.89958299999999,25.209983,24,35570
2019-03-09T07:36:27.000Z,54.899483,25.211217,24,35550
2019-03-09T07:36:37.000Z,54.89941700000001,25.211917,24,35500
2019-03-09T07:36:48.000Z,54.89936700000001,25.212533,24,35600
2019-03-09T07:36:57.000Z,54.899333,25.213167,24,35700
2019-03-09T07:37:16.000Z,54.8993,25.2143,25,35830
2019-03-09T07:37:37.000Z,54.89956700000001,25.215667,24,100
2019-03-09T07:37:48.000Z,54.899667,25.216417,24,280
2019-03-09T07:37:57.000Z,54.8997,25.216967,24,400
2019-03-09T07:38:16.000Z,54.8998,25.21815,24,460
2019-03-09T07:38:27.000Z,54.89986700000001,25.218783,24,490
2019-03-09T07:38:37.000Z,54.899967,25.219467,24,500
2019-03-09T07:38:57.000Z,54.900117,25.220733,24,500
2019-03-09T07:39:07.000Z,54.900183,25.2213,24,500
2019-03-09T07:39:16.000Z,54.899983,25.221867,24,500
2019-03-09T07:39:27.000Z,54.90001700000001,25.222483,24,500
2019-03-09T07:39:37.000Z,54.900083,25.223167,24,500
2019-03-09T07:39:57.000Z,54.9002,25.2244,24,500
2019-03-09T07:40:07.000Z,54.90025,25.225017,24,500
2019-03-09T07:40:16.000Z,54.9003,25.225517,24,500
2019-03-09T07:40:27.000Z,54.900367,25.2262,24,500
2019-03-09T07:40:37.000Z,54.900417,25.226817,24,500
2019-03-09T07:40:57.000Z,54.900533,25.228067000000006,24,500
2019-03-09T07:41:07.000Z,54.900583,25.228683,24,500
2019-03-09T07:41:16.000Z,54.900633,25.2293,24,500
2019-03-09T07:41:26.000Z,54.9007,25.229917,24,490
2019-03-09T07:41:37.000Z,54.90075,25.230533,24,480
2019-03-09T07:41:47.000Z,54.9008,25.23115,24,480
2019-03-09T07:41:57.000Z,54.90085,25.231767,24,500
2019-03-09T07:42:08.000Z,54.90091700000001,25.23245,24,510
2019-03-09T07:42:12.000Z,54.90091700000001,25.23245,24,510
2019-03-09T07:42:12.000Z,54.90091700000001,25.23245,24,510
2019-03-09T07:42:12.000Z,54.90091700000001,25.23245,24,510
2019-03-09T07:42:16.000Z,54.900967,25.232933,24,510
2019-03-09T07:42:26.000Z,54.901033,25.23355,24,510
2019-03-09T07:42:37.000Z,54.9011,25.234233,24,500
2019-03-09T07:42:57.000Z,54.901217,25.235533,24,500
2019-03-09T07:43:07.000Z,54.90128299999999,25.23615,24,500
2019-03-09T07:43:16.000Z,54.901333,25.236717,24,530
2019-03-09T07:43:27.000Z,54.9014,25.237267000000006,24,500
2019-03-09T07:43:49.000Z,54.9015,25.238567,24,500
2019-03-09T07:43:57.000Z,54.901583,25.2392,24,600
2019-03-09T07:44:16.000Z,54.901783,25.240433,24,900
2019-03-09T07:44:26.000Z,54.90193299999999,25.24105,24,1080
2019-03-09T07:44:37.000Z,54.902083,25.241717,24,1200
2019-03-09T07:44:46.000Z,54.90221700000001,25.242283,24,1220
2019-03-09T07:44:57.000Z,54.90238299999999,25.242883,25,1280
2019-03-09T07:45:07.000Z,54.90255,25.243567,25,1300
2019-03-09T07:45:16.000Z,54.902667,25.24405,25,1300
2019-03-09T07:45:26.000Z,54.902833,25.244667,24,1340
2019-03-09T07:45:36.000Z,54.903,25.245333,24,1400
2019-03-09T07:45:47.000Z,54.903167,25.24595,24,1300
2019-03-09T07:45:58.000Z,54.90335,25.246667,24,1330
2019-03-09T07:46:16.000Z,54.903617,25.247767,24,1280
2019-03-09T07:46:26.000Z,54.903767,25.248383,24,1260
2019-03-09T07:46:37.000Z,54.9039,25.248983,24,1240
2019-03-09T07:46:47.000Z,54.90405,25.2496,24,1230
2019-03-09T07:47:08.000Z,54.90435,25.250883,24,1200
2019-03-09T07:47:16.000Z,54.904467,25.251367,24,1240
2019-03-09T07:47:27.000Z,54.904633,25.252033,24,1200
2019-03-09T07:47:58.000Z,54.9051,25.254,24,1270
2019-03-09T07:48:08.000Z,54.90525,25.2546,24,1280
2019-03-09T07:48:36.000Z,54.905667,25.256317000000006,24,1300
2019-03-09T07:48:46.000Z,54.905817000000006,25.256917,24,1200
2019-03-09T07:48:58.000Z,54.905983,25.257583,24,1250
2019-03-09T07:49:08.000Z,54.906117,25.2582,24,1240
2019-03-09T07:49:27.000Z,54.906383,25.259367,24,1200
2019-03-09T07:50:08.000Z,54.906983,25.261867,24,1200
2019-03-09T07:50:27.000Z,54.90728299999999,25.2631,24,1250
2019-03-09T07:50:57.000Z,54.90773299999999,25.264867,24,1300
2019-03-09T07:51:08.000Z,54.90791700000001,25.265583,24,1340
2019-03-09T07:51:46.000Z,54.9085,25.2679,24,1290
2019-03-09T07:51:57.000Z,54.90865,25.2685,24,1300
2019-03-09T07:52:08.000Z,54.9088,25.269183,24,1270
2019-03-09T07:52:16.000Z,54.908933,25.269667,24,1270
2019-03-09T07:52:27.000Z,54.909083,25.270333,24,1300
2019-03-09T07:52:46.000Z,54.909383,25.27155,24,1300
2019-03-09T07:53:08.000Z,54.90971700000001,25.272883,24,1290
2019-03-09T07:53:16.000Z,54.90985,25.273367,24,1270
2019-03-09T07:53:27.000Z,54.91,25.274033,24,1300
2019-03-09T07:53:37.000Z,54.910133,25.274583,24,1250
2019-03-09T07:53:46.000Z,54.91026700000001,25.275133,24,1300
2019-03-09T07:53:57.000Z,54.910433,25.2758,24,1300
2019-03-09T07:54:07.000Z,54.9106,25.276483,24,1260
2019-03-09T07:54:27.000Z,54.910883,25.277633,24,1300
2019-03-09T07:54:33.000Z,54.910883,25.277633,24,1300
2019-03-09T07:54:33.000Z,54.910883,25.277633,24,1300
2019-03-09T07:54:33.000Z,54.910883,25.277633,24,1300
2019-03-09T07:54:46.000Z,54.911183,25.27885,24,1250
2019-03-09T07:54:57.000Z,54.911333,25.279467,24,1250
2019-03-09T07:55:09.000Z,54.911483,25.280133,24,1300
2019-03-09T07:55:16.000Z,54.91161700000001,25.280683,24,1300
2019-03-09T07:55:27.000Z,54.91176700000001,25.281283,24,1300
2019-03-09T07:55:38.000Z,54.911917,25.2819,24,1300
2019-03-09T07:55:38.000Z,54.911917,25.2819,24,1300
2019-03-09T07:55:38.000Z,54.911917,25.2819,24,1300
2019-03-09T07:55:46.000Z,54.91205,25.28245,24,1280
2019-03-09T07:55:57.000Z,54.91221700000001,25.283117,24,1300
2019-03-09T07:56:36.000Z,54.9128,25.285533,24,1240
2019-03-09T07:57:07.000Z,54.91325,25.287417,24,1300
2019-03-09T07:57:16.000Z,54.913383,25.287967,24,1300
2019-03-09T07:57:27.000Z,54.913533,25.288567,24,1300
2019-03-09T07:57:36.000Z,54.913667,25.289117,24,1260
2019-03-09T07:58:13.000Z,54.91413299999999,25.291067,24,1300
2019-03-09T07:58:13.000Z,54.91413299999999,25.291067,24,1300
2019-03-09T07:58:13.000Z,54.91413299999999,25.291067,24,1300
2019-03-09T07:58:27.000Z,54.914483,25.292283,24,1500
2019-03-09T07:58:36.000Z,54.91465,25.292817000000007,24,1600
2019-03-09T07:58:57.000Z,54.91506700000001,25.294083,24,1690
2019-03-09T07:59:16.000Z,54.91545,25.295233,25,1700
2019-03-09T07:59:57.000Z,54.916417,25.29765,25,2200
2019-03-09T08:00:27.000Z,54.917217,25.299333,25,2400
2019-03-09T08:00:36.000Z,54.917483,25.29985,25,2460
2019-03-09T08:00:48.000Z,54.917833,25.300533,25,2480
2019-03-09T08:01:17.000Z,54.918683,25.3022,25,2500
2019-03-09T08:01:27.000Z,54.918983,25.302833,25,2400
2019-03-09T08:01:36.000Z,54.919233,25.30335,25,2410
2019-03-09T08:01:58.000Z,54.919817,25.304567,25,2400
2019-03-09T08:02:27.000Z,54.9206,25.30625,25,2300
2019-03-09T08:02:36.000Z,54.920833,25.306767,25,2310
2019-03-09T08:02:47.000Z,54.921133,25.3074,25,2300
2019-03-09T08:02:56.000Z,54.9214,25.307967,25,2320
2019-03-09T08:03:27.000Z,54.922233,25.30975,25,2400
2019-03-09T08:03:36.000Z,54.92248299999999,25.310267,25,2340
2019-03-09T08:03:56.000Z,54.923033,25.3114,25,2400
2019-03-09T08:04:07.000Z,54.9233,25.311983,25,2400
2019-03-09T08:05:07.000Z,54.924933,25.315433,25,2360
2019-03-09T08:05:17.000Z,54.925217,25.316,25,2360
2019-03-09T08:05:28.000Z,54.925517000000006,25.31665,25,2400
2019-03-09T08:05:37.000Z,54.9258,25.317217000000007,25,2340
2019-03-09T08:05:50.000Z,54.926033,25.31775,25,2300
2019-03-09T08:05:57.000Z,54.926283,25.318267,25,2330
2019-03-09T08:06:46.000Z,54.92765,25.321217,25,2310
2019-03-09T08:06:53.000Z,54.92765,25.321217,25,2310
2019-03-09T08:06:53.000Z,54.92765,25.321217,25,2310
2019-03-09T08:06:53.000Z,54.92765,25.321217,25,2310
2019-03-09T08:06:58.000Z,54.92795,25.32185,25,2300
2019-03-09T08:07:06.000Z,54.928167,25.322317,25,2300
2019-03-09T08:07:17.000Z,54.92846700000001,25.32295,25,2300
2019-03-09T08:07:28.000Z,54.92876700000001,25.323583,25,2330
2019-03-09T08:07:38.000Z,54.929017,25.3241,25,2300
2019-03-09T08:07:46.000Z,54.9293,25.324667,25,2340
2019-03-09T08:07:58.000Z,54.92961700000001,25.325367,25,2340
2019-03-09T08:08:06.000Z,54.92985,25.325817,25,2340
2019-03-09T08:08:39.000Z,54.930683,25.3276,24,2300
2019-03-09T08:08:46.000Z,54.930933,25.328117,24,2300
2019-03-09T08:09:07.000Z,54.93145,25.329217,24,2330
2019-03-09T08:09:17.000Z,54.93175,25.329867,24,2300
2019-03-09T08:09:29.000Z,54.932083,25.33055,24,2310
2019-03-09T08:10:06.000Z,54.93285,25.332233,24,2300
2019-03-09T08:10:27.000Z,54.93363299999999,25.3339,24,2400
2019-03-09T08:10:47.000Z,54.934183,25.335033,24,2400
2019-03-09T08:11:36.000Z,54.935567000000006,25.337883,24,2400
2019-03-09T08:11:53.000Z,54.935867,25.338517,24,2400
2019-03-09T08:11:53.000Z,54.935867,25.338517,24,2400
2019-03-09T08:11:53.000Z,54.935867,25.338517,24,2400
2019-03-09T08:12:07.000Z,54.936383,25.3396,24,2400
2019-03-09T08:12:16.000Z,54.93661700000001,25.340133,24,2340
2019-03-09T08:12:27.000Z,54.9369,25.340767,24,2300
2019-03-09T08:12:51.000Z,54.937433,25.341933,24,2300
2019-03-09T08:13:01.000Z,54.9377,25.3425,24,2280
2019-03-09T08:13:26.000Z,54.938517,25.3442,24,2320
2019-03-09T08:14:22.000Z,54.93983299999999,25.347,24,2400
2019-03-09T08:14:47.000Z,54.94071700000001,25.34885,24,2400
2019-03-09T08:14:56.000Z,54.94096700000001,25.349367,24,2380
2019-03-09T08:15:28.000Z,54.9418,25.351083,24,2350
2019-03-09T08:15:54.000Z,54.942367,25.35225,24,2300
2019-03-09T08:15:54.000Z,54.942367,25.35225,24,2300
2019-03-09T08:15:54.000Z,54.942367,25.35225,24,2300
2019-03-09T08:16:17.000Z,54.943183,25.353967,24,2300
2019-03-09T08:16:37.000Z,54.943733,25.355133,24,2300
2019-03-09T08:16:54.000Z,54.944017,25.35575,24,2300
2019-03-09T08:18:32.000Z,54.94666700000001,25.36145,24,2360
2019-03-09T08:19:08.000Z,54.94781700000001,25.363767000000006,24,2460
2019-03-09T08:19:27.000Z,54.94835,25.364867,24,2470
2019-03-09T08:19:32.000Z,54.94835,25.364867,24,2470
2019-03-09T08:19:32.000Z,54.94835,25.364867,24,2470
2019-03-09T08:19:32.000Z,54.94835,25.364867,24,2470
2019-03-09T08:19:37.000Z,54.948633,25.365433,24,2500
2019-03-09T08:19:47.000Z,54.94895,25.36605,24,2400
2019-03-09T08:20:26.000Z,54.950033,25.368267000000003,24,2400
2019-03-09T08:21:37.000Z,54.95195,25.372333,24,2300
2019-03-09T08:22:37.000Z,54.95356700000001,25.375717,24,2400
2019-03-09T08:24:47.000Z,54.9572,25.383217,24,2400
2019-03-09T08:25:08.000Z,54.957783,25.384417000000006,24,2340
2019-03-09T08:25:16.000Z,54.958,25.384867,24,2340
2019-03-09T08:26:18.000Z,54.959617,25.388417,24,2180
2019-03-09T08:28:37.000Z,54.962967000000006,25.396367,24,2100
2019-03-09T08:28:37.000Z,54.962967000000006,25.396367,24,2100
2019-03-09T08:28:37.000Z,54.962967000000006,25.396367,24,2100
2019-03-09T08:31:18.000Z,54.966833,25.405633,24,2070
2019-03-09T08:32:06.000Z,54.967983,25.40835,24,2100
2019-03-09T08:33:27.000Z,54.969933,25.412967,24,2110
2019-03-09T08:33:58.000Z,54.970683,25.4148,24,2100
2019-03-09T08:34:17.000Z,54.97115,25.4159,24,2100
2019-03-09T08:34:38.000Z,54.9717,25.417167000000006,24,2130
2019-03-09T08:34:38.000Z,54.9717,25.417167000000006,24,2130
2019-03-09T08:34:38.000Z,54.9717,25.417167000000006,24,2130
2019-03-09T08:37:58.000Z,54.976483,25.4287,24,2030
2019-03-09T08:38:10.000Z,54.976717,25.429283,24,2030
2019-03-09T08:38:14.000Z,54.976717,25.429283,24,2030
2019-03-09T08:38:14.000Z,54.976717,25.429283,24,2030
2019-03-09T08:38:14.000Z,54.976717,25.429283,24,2030
2019-03-09T08:38:18.000Z,54.97695,25.42985,24,2030
2019-03-09T08:39:15.000Z,54.97811700000001,25.4327,24,2000
2019-03-09T08:39:15.000Z,54.97811700000001,25.4327,24,2000
2019-03-09T08:39:15.000Z,54.97811700000001,25.4327,24,2000
2019-03-09T08:40:34.000Z,54.980017,25.437317,24,2100
2019-03-09T08:43:54.000Z,54.9848,25.448867,24,2000
2019-03-09T08:43:54.000Z,54.9848,25.448867,24,2000
2019-03-09T08:43:54.000Z,54.9848,25.448867,24,2000
2019-03-09T08:44:27.000Z,54.98575,25.451117,24,2100
2019-03-09T08:45:32.000Z,54.987233,25.454617,24,2100
2019-03-09T08:45:32.000Z,54.987233,25.454617,24,2100
2019-03-09T08:45:32.000Z,54.987233,25.454617,24,2100
2019-03-09T08:48:31.000Z,54.9912,25.4644,24,2070
2019-03-09T09:08:47.000Z,55.02093299999999,25.53475,24,2400
2019-03-09T09:23:09.000Z,55.0444,25.58235,24,2400
2019-03-09T09:33:39.000Z,55.051867,25.59655,23,2800
2019-03-09T09:49:49.000Z,55.09611700000001,25.664617,23,3330
2019-03-09T10:20:20.000Z,55.20011700000001,25.721617,24,6410
2019-03-09T10:47:29.000Z,55.29493299999999,25.773383,24,5900
2019-03-09T11:45:18.000Z,55.48906700000001,25.8973,24,5460
2019-03-09T11:45:39.000Z,55.490233,25.898017000000007,24,5500
2019-03-09T12:02:37.000Z,55.547633,25.933383,24,5700
2019-03-09T12:11:57.000Z,55.57986700000001,25.953117,24,5600
2019-03-09T12:37:19.000Z,55.667867,26.008083,25,5500
2019-03-09T12:59:38.000Z,55.745617,26.0571,25,5560
2019-03-09T12:59:38.000Z,55.745617,26.0571,25,5560
2019-03-09T12:59:38.000Z,55.745617,26.0571,25,5560
2019-03-09T13:03:19.000Z,55.757817,26.065683,25,5150
2019-03-09T13:19:19.000Z,55.809,26.106967,25,4720
2019-03-09T13:19:19.000Z,55.809,26.106967,25,4720
2019-03-09T13:19:19.000Z,55.809,26.106967,25,4720
2019-03-09T13:29:49.000Z,55.841917,26.135067000000006,25,4120
2019-03-09T13:37:18.000Z,55.86428299999999,26.1562,26,4440
2019-03-09T13:37:55.000Z,55.866133,26.157933,26,4400
2019-03-09T13:39:37.000Z,55.8713,26.162717,26,4430
2019-03-09T13:40:01.000Z,55.872567,26.163883,25,4400
2019-03-09T13:40:01.000Z,55.872567,26.163883,25,4400
2019-03-09T13:40:01.000Z,55.872567,26.163883,25,4400
2019-03-09T13:42:30.000Z,55.880067,26.1708,26,4440
2019-03-09T13:42:38.000Z,55.88051700000001,26.171217,26,4440
2019-03-09T13:44:38.000Z,55.8866,26.1768,25,4400
2019-03-09T13:44:38.000Z,55.8866,26.1768,25,4400
2019-03-09T13:44:38.000Z,55.8866,26.1768,25,4400
2019-03-09T13:55:00.000Z,55.919033,26.2046,25,4610
2019-03-09T14:25:27.000Z,56.021883,26.282717,27,4910
2019-03-09T14:57:32.000Z,56.138267000000006,26.364117,27,5200
2019-03-09T15:26:32.000Z,56.244583,26.436233,27,5400
2019-03-09T17:23:41.000Z,56.62625,26.42925,23,16600
2019-03-09T19:33:44.000Z,56.729055,25.926077,25,16900
2019-03-09T21:33:35.000Z,56.802845,25.465068,26,17890
2019-03-09T21:48:00.000Z,56.807005,25.405068,26,17240
2019-03-09T21:48:00.000Z,56.807005,25.405068,26,17240
2019-03-09T21:48:00.000Z,56.807005,25.405068,26,17240
2019-03-09T21:55:06.000Z,56.81075,25.376733,26,17370
2019-03-09T21:55:06.000Z,56.81075,25.376733,26,17370
2019-03-09T21:55:06.000Z,56.81075,25.376733,26,17370
2019-03-09T21:57:25.000Z,56.811973,25.367013,26,17400
2019-03-09T22:08:24.000Z,56.816683,25.32775,26,17490
2019-03-09T22:11:12.000Z,56.818567,25.31245,26,17410
2019-03-09T22:11:12.000Z,56.818567,25.31245,26,17410
2019-03-09T22:11:12.000Z,56.818567,25.31245,26,17410
2019-03-09T22:17:30.000Z,56.82175,25.287417,26,17350
2019-03-09T22:18:13.000Z,56.822083,25.285017,26,17300
2019-03-09T22:19:13.000Z,56.8226,25.2805,26,17400
2019-03-09T22:21:07.000Z,56.82366700000001,25.2729,26,17310
2019-03-09T22:21:25.000Z,56.82381700000001,25.2717,26,17340
2019-03-09T22:21:40.000Z,56.823917,25.2709,26,17380
2019-03-09T22:22:42.000Z,56.824483,25.266,26,17380
2019-03-09T22:22:55.000Z,56.8246,25.265117,26,17400
2019-03-09T22:23:55.000Z,56.825033,25.261733,26,17300
2019-03-09T22:24:01.000Z,56.825083,25.261333,26,17300
2019-03-09T22:24:07.000Z,56.82511700000001,25.26095,26,17340
2019-03-09T22:24:19.000Z,56.825217,25.260167000000006,26,17400
2019-03-09T22:24:24.000Z,56.825267,25.259767,26,17360
2019-03-09T22:24:24.000Z,56.825267,25.259767,26,17360
2019-03-09T22:24:24.000Z,56.825267,25.259767,26,17360
2019-03-09T22:27:24.000Z,56.82681700000001,25.248217,25,17360
2019-03-09T22:27:31.000Z,56.82686700000001,25.247767,25,17300
2019-03-09T22:27:37.000Z,56.826917,25.2474,25,17300
2019-03-09T22:27:42.000Z,56.826967,25.247017,25,17320
2019-03-09T22:27:49.000Z,56.82701700000001,25.2467,25,17320
2019-03-09T22:27:55.000Z,56.827083,25.24625,25,17320
2019-03-09T22:28:01.000Z,56.827133,25.245883,25,17300
2019-03-09T22:28:07.000Z,56.827183,25.2455,25,17300
2019-03-09T22:28:55.000Z,56.8276,25.242517000000007,25,17200
2019-03-09T22:29:13.000Z,56.82775,25.241417,24,17200
2019-03-09T22:29:55.000Z,56.828183,25.2389,24,17200
2019-03-09T22:31:15.000Z,56.828767000000006,25.23435,22,17400
