timestamp,longitude,latitude,speed,direction
2019-06-01T07:17:04.000Z,55.05027800000001,24.993305,0,18470
2019-06-01T07:23:02.000Z,55.050248,24.993162,0,9050
2019-06-01T07:26:03.000Z,55.050548,24.99321,0,18740
2019-06-01T07:32:03.000Z,55.050457,24.993217,0,28360
2019-06-01T07:38:01.000Z,55.050357,24.993288,0,19930
2019-06-01T07:41:03.000Z,55.05031999999999,24.993233,0,20210
2019-06-01T07:47:06.000Z,55.050303,24.993233,0,23050
2019-06-01T07:53:02.000Z,55.050375,24.993245,0,6870
2019-06-01T07:59:05.000Z,55.050397,24.99328,0,15950
2019-06-01T08:05:02.000Z,55.050273,24.99333,0,21830
2019-06-01T08:11:04.000Z,55.050257,24.993363,0,25870
2019-06-01T08:17:00.000Z,55.050387,24.993637,0,18090
2019-06-01T08:20:01.000Z,55.050378,24.993342,0,21500
2019-06-01T08:26:03.000Z,55.050403,24.9934,0,15140
2019-06-01T08:32:02.000Z,55.050183,24.993602,0,16630
2019-06-01T08:44:03.000Z,55.050288,24.993413,0,31500
2019-06-01T08:49:59.000Z,55.050347,24.993132,0,15810
2019-06-01T08:53:00.000Z,55.050302,24.993007,0,33830
2019-06-01T08:56:02.000Z,55.05027800000001,24.993157,0,4680
2019-06-01T09:02:00.000Z,55.050403,24.993212,0,16860
2019-06-01T09:11:02.000Z,55.05027800000001,24.993317,0,25600
2019-06-01T09:17:00.000Z,55.05019,24.99328,0,16420
2019-06-01T09:20:03.000Z,55.050378,24.99311,0,22840
2019-06-01T09:26:02.000Z,55.050325,24.993097,0,16980
2019-06-01T09:32:00.000Z,55.050185,24.993245,0,25470
2019-06-01T09:35:02.000Z,55.050102,24.993170000000006,0,7400
2019-06-01T09:41:03.000Z,55.050282,24.993227,0,15730
2019-06-01T09:47:05.000Z,55.050307,24.993217,0,18410
2019-06-01T09:53:08.000Z,55.05029,24.99322,0,27180
2019-06-01T09:59:03.000Z,55.05040500000001,24.993195,0,12680
2019-06-01T10:05:02.000Z,55.050232,24.993242,0,29480
2019-06-01T10:11:02.000Z,55.05031500000001,24.993125,0,13170
2019-06-01T10:17:01.000Z,55.050307,24.993202,0,11400
2019-06-01T10:23:00.000Z,55.050277,24.993270000000006,0,12190
2019-06-01T10:32:01.000Z,55.050323,24.993198,0,12160
2019-06-01T10:38:03.000Z,55.05026,24.993215,0,10570
2019-06-01T10:44:03.000Z,55.050272,24.993207,0,12400
2019-06-01T10:50:00.000Z,55.05114,24.993008,1,14500
2019-06-01T10:53:03.000Z,55.05245,24.991298,4,13670
2019-06-01T10:56:03.000Z,55.05367800000001,24.990267000000006,3,12620
2019-06-01T10:59:00.000Z,55.054632,24.990102,1,7830
2019-06-01T11:26:24.000Z,55.023853,25.043227,23,31280
2019-06-01T11:28:43.000Z,55.016952,25.049345,25,31390
2019-06-01T11:32:06.000Z,55.00784,25.057433,22,31410
2019-06-01T11:46:40.000Z,54.972207,25.088787,20,31230
2019-06-01T11:47:45.000Z,54.969072,25.091477,21,31360
2019-06-01T11:50:33.000Z,54.960965,25.099092,24,31750
2019-06-01T11:52:18.000Z,54.956067,25.10433,26,32200
2019-06-01T11:54:23.000Z,54.95032,25.11138,27,32390
2019-06-01T11:56:36.000Z,54.944532,25.119032,28,33020
2019-06-01T11:57:38.000Z,54.94221700000001,25.12279,28,33290
2019-06-01T12:01:04.000Z,54.93611,25.136992000000006,29,34000
2019-06-01T12:05:04.000Z,54.929337,25.154037,30,34010
2019-06-01T12:08:42.000Z,54.925397,25.169885,30,35590
2019-06-01T12:11:42.000Z,54.926343,25.18373,30,700
2019-06-01T12:14:08.000Z,54.92772,25.194693,30,720
2019-06-01T12:15:11.000Z,54.92837700000001,25.199307,30,740
2019-06-01T12:21:43.000Z,54.933387,25.228923,30,1070
2019-06-01T12:22:51.000Z,54.934512,25.234222,29,1140
2019-06-01T12:25:52.000Z,54.937873,25.247143,29,1350
2019-06-01T12:27:32.000Z,54.93936,25.252757,29,1350
2019-06-01T12:28:40.000Z,54.941125,25.25958,29,1300
2019-06-01T12:28:47.000Z,54.941252,25.260082,29,1310
2019-06-01T12:28:52.000Z,54.941345,25.26044,29,1320
2019-06-01T12:28:59.000Z,54.941477,25.260943,29,1340
2019-06-01T12:29:04.000Z,54.941573,25.261302,29,1350
2019-06-01T12:29:10.000Z,54.941688,25.261732,29,1360
2019-06-01T12:29:16.000Z,54.941825,25.262235,29,1380
2019-06-01T12:29:23.000Z,54.941942,25.262663,29,1390
2019-06-01T12:29:28.000Z,54.94206,25.263092,29,1390
2019-06-01T12:29:34.000Z,54.942177,25.26352,29,1390
2019-06-01T12:29:40.000Z,54.942295,25.263948000000006,29,1400
2019-06-01T12:29:47.000Z,54.942413,25.264377,29,1400
2019-06-01T12:29:52.000Z,54.942533,25.264807,29,1400
2019-06-01T12:29:59.000Z,54.942652,25.265235,29,1390
2019-06-01T12:30:04.000Z,54.94277,25.265663,29,1390
2019-06-01T12:30:10.000Z,54.94286999999999,25.26602,29,1390
2019-06-01T12:30:17.000Z,54.943007,25.266522,29,1370
2019-06-01T12:30:23.000Z,54.943123,25.266952,29,1370
2019-06-01T12:30:28.000Z,54.94324,25.26738,29,1370
2019-06-01T12:30:34.000Z,54.943335,25.267738,29,1360
2019-06-01T12:30:40.000Z,54.943448,25.268167,29,1340
2019-06-01T12:30:46.000Z,54.943562,25.268593,29,1330
2019-06-01T12:30:52.000Z,54.943673,25.269023,29,1320
2019-06-01T12:30:59.000Z,54.94380200000001,25.269523,29,1320
2019-06-01T12:31:07.000Z,54.943912,25.269952,29,1310
2019-06-01T12:31:25.000Z,54.94424300000001,25.27124,29,1320
2019-06-01T12:31:29.000Z,54.944337,25.271597,29,1330
2019-06-01T12:31:34.000Z,54.944447,25.272025,29,1330
2019-06-01T12:31:46.000Z,54.94469300000001,25.272957,29,1350
2019-06-01T12:31:52.000Z,54.94481,25.273388,29,1360
2019-06-01T12:31:59.000Z,54.944928,25.273822,29,1360
2019-06-01T12:32:05.000Z,54.945048,25.274255,29,1370
2019-06-01T12:32:10.000Z,54.94516700000001,25.274688,29,1370
2019-06-01T12:32:23.000Z,54.945407,25.275553,29,1370
2019-06-01T12:32:28.000Z,54.945523,25.275987,29,1360
2019-06-01T12:32:34.000Z,54.945638,25.276418,29,1350
2019-06-01T12:32:41.000Z,54.945752,25.27685,29,1330
2019-06-01T12:32:46.000Z,54.945845,25.27721,29,1330
2019-06-01T12:32:53.000Z,54.945975,25.277712,29,1310
2019-06-01T12:32:59.000Z,54.946087,25.278143,29,1310
2019-06-01T12:33:05.000Z,54.946197,25.278573,29,1310
2019-06-01T12:33:10.000Z,54.94629000000001,25.278932,29,1310
2019-06-01T12:33:17.000Z,54.94642,25.279433,29,1330
2019-06-01T12:33:23.000Z,54.946532,25.279862,29,1350
2019-06-01T12:33:28.000Z,54.946647,25.280292000000006,29,1350
2019-06-01T12:33:34.000Z,54.94674300000001,25.280648,29,1360
2019-06-01T12:33:53.000Z,54.947113,25.282008,29,1380
2019-06-01T12:34:10.000Z,54.947332,25.282798,29,1390
2019-06-01T12:34:26.000Z,54.947707,25.28416,29,1390
2019-06-01T12:34:35.000Z,54.94794,25.285018,29,1390
2019-06-01T12:34:41.000Z,54.948055,25.285445000000006,29,1380
2019-06-01T12:34:46.000Z,54.948152,25.285802,29,1370
2019-06-01T12:34:53.000Z,54.948283,25.286298,29,1360
2019-06-01T12:34:58.000Z,54.948398,25.286725,29,1350
2019-06-01T12:35:05.000Z,54.94851,25.287153,29,1340
2019-06-01T12:35:11.000Z,54.948622,25.28758,29,1330
2019-06-01T12:35:22.000Z,54.94885,25.28844,29,1330
2019-06-01T12:35:28.000Z,54.948963,25.288870000000006,29,1330
2019-06-01T12:35:34.000Z,54.949058,25.289228,29,1340
2019-06-01T12:35:42.000Z,54.94919,25.289728,29,1350
2019-06-01T12:35:48.000Z,54.949285,25.290085,29,1350
2019-06-01T12:35:54.000Z,54.94941800000001,25.290583,29,1360
2019-06-01T12:35:59.000Z,54.949532,25.291013,29,1360
2019-06-01T12:36:04.000Z,54.949648,25.29144,29,1380
2019-06-01T12:36:11.000Z,54.949763,25.291868,29,1380
2019-06-01T12:36:17.000Z,54.94988000000001,25.292295000000006,29,1390
2019-06-01T12:36:22.000Z,54.949977,25.292652,29,1390
2019-06-01T12:36:28.000Z,54.950095,25.29308,29,1400
2019-06-01T12:36:34.000Z,54.950215,25.293507,29,1410
2019-06-01T12:36:46.000Z,54.950472,25.294433,29,1400
2019-06-01T12:36:52.000Z,54.950588,25.294862,29,1390
2019-06-01T12:36:59.000Z,54.950725,25.29536,29,1400
2019-06-01T12:37:04.000Z,54.950822,25.295715,29,1390
2019-06-01T12:37:11.000Z,54.950957,25.296213,29,1380
2019-06-01T12:37:16.000Z,54.951052,25.296568,29,1380
2019-06-01T12:37:22.000Z,54.951165,25.296995000000006,29,1370
2019-06-01T12:37:28.000Z,54.951278,25.297422,29,1360
2019-06-01T12:37:34.000Z,54.95139200000001,25.29785,29,1350
2019-06-01T12:37:40.000Z,54.95150699999999,25.298277,29,1350
2019-06-01T12:37:46.000Z,54.9516,25.298633,29,1340
2019-06-01T12:37:52.000Z,54.951713,25.299062,29,1350
2019-06-01T12:37:59.000Z,54.951847,25.29956,29,1350
2019-06-01T12:38:04.000Z,54.951962,25.299987,29,1350
2019-06-01T12:38:11.000Z,54.952075,25.300413,29,1360
2019-06-01T12:38:16.000Z,54.95219,25.300838,29,1360
2019-06-01T12:38:22.000Z,54.952307,25.301265,29,1380
2019-06-01T12:38:28.000Z,54.952403,25.30162,29,1370
2019-06-01T12:38:34.000Z,54.95251800000001,25.302047,29,1380
2019-06-01T12:38:40.000Z,54.952637,25.302475,29,1390
2019-06-01T12:38:47.000Z,54.952753,25.3029,29,1390
2019-06-01T12:38:52.000Z,54.95287,25.303327,29,1390
2019-06-01T12:38:59.000Z,54.953008,25.303825,29,1400
2019-06-01T12:39:04.000Z,54.95310500000001,25.30418,29,1400
2019-06-01T12:39:10.000Z,54.953223,25.304607,29,1410
2019-06-01T12:39:16.000Z,54.95336,25.305103,29,1410
2019-06-01T12:39:22.000Z,54.953477,25.305532,29,1420
2019-06-01T12:39:28.000Z,54.95359300000001,25.305957,29,1400
2019-06-01T12:39:34.000Z,54.95371,25.306383,29,1420
2019-06-01T12:39:40.000Z,54.953828,25.306807,29,1400
2019-06-01T12:39:46.000Z,54.953948,25.307232,29,1400
2019-06-01T12:39:52.000Z,54.954067,25.307658,29,1390
2019-06-01T12:39:59.000Z,54.954203,25.308155,29,1380
2019-06-01T12:40:04.000Z,54.9543,25.30851,29,1370
2019-06-01T12:40:10.000Z,54.954395,25.308865,29,1370
2019-06-01T12:40:16.000Z,54.954527,25.309362,29,1360
2019-06-01T12:40:25.000Z,54.95464000000001,25.309788,29,1350
2019-06-01T12:40:30.000Z,54.954733,25.310142000000006,29,1330
2019-06-01T12:40:36.000Z,54.954862,25.31064,29,1340
2019-06-01T12:40:41.000Z,54.954973,25.311067,29,1330
2019-06-01T12:40:46.000Z,54.955083,25.311495,29,1330
2019-06-01T12:40:52.000Z,54.955177,25.311852,29,1330
2019-06-01T12:40:59.000Z,54.955308,25.312353,29,1340
2019-06-01T12:41:04.000Z,54.955402,25.31271,29,1340
2019-06-01T12:41:10.000Z,54.95551500000001,25.313138,29,1360
2019-06-01T12:41:16.000Z,54.955630000000006,25.313568,29,1360
2019-06-01T12:41:23.000Z,54.955763,25.314068,29,1380
2019-06-01T12:41:28.000Z,54.95586,25.314425,29,1380
2019-06-01T12:41:34.000Z,54.955975,25.314855,29,1380
2019-06-01T12:41:40.000Z,54.95609,25.315283,29,1380
2019-06-01T12:41:46.000Z,54.95620699999999,25.315713,29,1390
2019-06-01T12:41:52.000Z,54.956345,25.316215,29,1400
2019-06-01T12:41:59.000Z,54.956482,25.316717,29,1390
2019-06-01T12:42:04.000Z,54.956578,25.317075,29,1390
2019-06-01T12:42:10.000Z,54.956697,25.317505,29,1390
2019-06-01T12:42:16.000Z,54.956815,25.317938,29,1390
2019-06-01T12:42:23.000Z,54.956932,25.31837,29,1390
2019-06-01T12:42:28.000Z,54.957048,25.318802,29,1380
2019-06-01T12:42:34.000Z,54.957163,25.319233,29,1380
2019-06-01T12:42:41.000Z,54.957278,25.319663,29,1370
2019-06-01T12:42:46.000Z,54.957395,25.320097,29,1370
2019-06-01T12:42:52.000Z,54.95749,25.320457,29,1360
2019-06-01T12:42:58.000Z,54.957623,25.320962,29,1360
2019-06-01T12:43:04.000Z,54.957738,25.321395000000006,29,1360
2019-06-01T12:43:10.000Z,54.957833,25.321755,29,1360
2019-06-01T12:43:17.000Z,54.957967,25.32226,29,1360
2019-06-01T12:43:22.000Z,54.958082,25.322692,29,1360
2019-06-01T12:43:28.000Z,54.95818000000001,25.323052,29,1370
2019-06-01T12:43:35.000Z,54.958317,25.323555,29,1380
2019-06-01T12:43:41.000Z,54.95843299999999,25.323987,29,1380
2019-06-01T12:43:46.000Z,54.958532,25.324347,29,1380
2019-06-01T12:43:52.000Z,54.95865,25.324778,29,1390
2019-06-01T12:43:58.000Z,54.958768000000006,25.32521,29,1380
2019-06-01T12:44:04.000Z,54.958885,25.325642,29,1380
2019-06-01T12:44:10.000Z,54.95900200000001,25.326073,29,1370
2019-06-01T12:44:17.000Z,54.959138,25.326577,29,1360
2019-06-01T12:44:22.000Z,54.959253,25.327008,29,1350
2019-06-01T12:44:28.000Z,54.95936800000001,25.327442,29,1340
2019-06-01T12:44:35.000Z,54.959482,25.327875,29,1330
2019-06-01T12:44:41.000Z,54.95959499999999,25.32831,29,1330
2019-06-01T12:44:46.000Z,54.959707,25.328747,29,1330
2019-06-01T12:44:53.000Z,54.95981999999999,25.329182,29,1320
2019-06-01T12:44:58.000Z,54.959932,25.329618,29,1310
2019-06-01T12:45:04.000Z,54.960045,25.330055,29,1310
2019-06-01T12:45:10.000Z,54.960138,25.330418,29,1330
2019-06-01T12:45:17.000Z,54.960272,25.330927,29,1330
2019-06-01T12:45:28.000Z,54.96050200000001,25.331797,29,1350
2019-06-01T12:45:35.000Z,54.960618,25.332232,29,1350
2019-06-01T12:45:41.000Z,54.960733,25.332667,29,1360
2019-06-01T12:45:46.000Z,54.96083,25.333028,29,1360
2019-06-01T12:45:53.000Z,54.960963,25.333535,29,1350
2019-06-01T12:45:58.000Z,54.96106,25.333898,29,1360
2019-06-01T12:46:04.000Z,54.961175,25.334332,29,1370
2019-06-01T12:46:11.000Z,54.961312,25.33484,29,1370
2019-06-01T12:46:17.000Z,54.961427,25.335275,29,1340
2019-06-01T12:46:22.000Z,54.96151800000001,25.33564,29,1270
2019-06-01T12:46:28.000Z,54.961625,25.336078,29,1280
2019-06-01T12:46:35.000Z,54.96176,25.336588,29,1350
2019-06-01T12:46:41.000Z,54.96188000000001,25.337025,29,1420
2019-06-01T12:46:46.000Z,54.961987,25.337387,29,1510
2019-06-01T12:46:53.000Z,54.96214499999999,25.337892,29,1610
2019-06-01T12:46:58.000Z,54.96229,25.338323000000006,29,1720
2019-06-01T12:47:04.000Z,54.96244,25.338752,29,1760
2019-06-01T12:47:10.000Z,54.96259300000001,25.33918,29,1830
2019-06-01T12:47:17.000Z,54.962785,25.339675,29,1970
2019-06-01T12:47:22.000Z,54.96293000000001,25.340028,29,2050
2019-06-01T12:47:28.000Z,54.963112,25.340448,29,2180
2019-06-01T12:47:35.000Z,54.963303,25.340865,29,2260
2019-06-01T12:47:41.000Z,54.96350200000001,25.34128,29,2380
2019-06-01T12:47:46.000Z,54.963673,25.341622,29,2450
2019-06-01T12:47:53.000Z,54.96392,25.342097,29,2550
2019-06-01T12:47:58.000Z,54.964138,25.342502,29,2620
2019-06-01T12:48:04.000Z,54.96435500000001,25.342905,29,2630
2019-06-01T12:48:10.000Z,54.964575,25.343308,29,2620
2019-06-01T12:48:17.000Z,54.964753,25.343645,30,2590
2019-06-01T12:48:23.000Z,54.964967,25.34405,30,2560
2019-06-01T12:48:29.000Z,54.965178,25.344458,30,2530
2019-06-01T12:48:35.000Z,54.965425,25.344933,30,2530
2019-06-01T12:48:41.000Z,54.965637,25.34534,30,2520
2019-06-01T12:48:52.000Z,54.966025,25.346087,30,2520
2019-06-01T12:48:58.000Z,54.966237,25.346495,30,2540
2019-06-01T12:49:10.000Z,54.966663,25.34731,30,2540
2019-06-01T12:49:16.000Z,54.966877,25.347717000000006,30,2560
2019-06-01T12:49:22.000Z,54.96712700000001,25.348193,30,2560
2019-06-01T12:49:35.000Z,54.967553,25.349007,30,2550
2019-06-01T12:49:40.000Z,54.967767,25.349415,30,2550
2019-06-01T12:49:48.000Z,54.967978,25.349822,30,2530
2019-06-01T12:49:53.000Z,54.968188,25.350232,30,2520
2019-06-01T12:49:59.000Z,54.968398,25.350642,30,2510
2019-06-01T12:50:04.000Z,54.96861,25.35105,30,2500
2019-06-01T12:50:12.000Z,54.96882,25.35146,30,2500
2019-06-01T12:50:17.000Z,54.96899499999999,25.351803,30,2520
2019-06-01T12:50:22.000Z,54.969208,25.352213,30,2530
2019-06-01T12:50:35.000Z,54.969672,25.353098000000006,30,2540
2019-06-01T12:50:40.000Z,54.969885,25.353507,30,2550
2019-06-01T12:50:46.000Z,54.970098,25.353913,30,2550
2019-06-01T12:50:52.000Z,54.970313,25.35432,30,2550
2019-06-01T12:50:59.000Z,54.970528,25.354727,30,2550
2019-06-01T12:51:04.000Z,54.970707,25.355065,30,2550
2019-06-01T12:51:11.000Z,54.97095699999999,25.35554,30,2550
2019-06-01T12:51:16.000Z,54.971133,25.35588,30,2540
2019-06-01T12:51:22.000Z,54.971347,25.356287,30,2540
2019-06-01T12:51:34.000Z,54.971772,25.357102,30,2520
2019-06-01T12:51:40.000Z,54.971983,25.35751,30,2520
2019-06-01T12:51:46.000Z,54.972197,25.357918,30,2530
2019-06-01T12:51:59.000Z,54.972695,25.358867,30,2530
2019-06-01T12:52:04.000Z,54.972873,25.359207,30,2540
2019-06-01T12:52:11.000Z,54.973087,25.359613,30,2530
2019-06-01T12:52:16.000Z,54.9733,25.360022,30,2540
2019-06-01T12:52:22.000Z,54.973512,25.360428,30,2520
2019-06-01T12:52:29.000Z,54.973725,25.360835,30,2540
2019-06-01T12:52:34.000Z,54.973937,25.361243,30,2530
2019-06-01T12:52:40.000Z,54.97415,25.36165,30,2540
2019-06-01T12:52:46.000Z,54.974362,25.362055,30,2540
2019-06-01T12:52:53.000Z,54.974575,25.362462,30,2540
2019-06-01T12:52:59.000Z,54.974787,25.362867,30,2500
2019-06-01T12:53:04.000Z,54.97496,25.363208,30,2470
2019-06-01T12:53:25.000Z,54.975383,25.364022,30,2530
2019-06-01T12:53:48.000Z,54.976548,25.366093,30,2860
2019-06-01T12:53:53.000Z,54.976787,25.366487,30,2910
2019-06-01T12:53:59.000Z,54.977030000000006,25.366877,30,2950
2019-06-01T12:54:04.000Z,54.977235,25.367202,30,3000
2019-06-01T12:54:11.000Z,54.977485,25.367588,30,3050
2019-06-01T12:54:19.000Z,54.977737,25.367972,30,3080
2019-06-01T12:54:30.000Z,54.978285,25.368802,30,3100
2019-06-01T12:54:43.000Z,54.97878299999999,25.369572,30,3030
2019-06-01T12:54:52.000Z,54.979073,25.370022,30,3020
2019-06-01T12:55:11.000Z,54.980033,25.371487,30,2990
2019-06-01T12:55:17.000Z,54.98027800000001,25.371872,30,2970
2019-06-01T12:55:23.000Z,54.980523,25.372258,30,2980
2019-06-01T12:58:28.000Z,54.98755,25.383913,29,2680
2019-06-01T13:00:54.000Z,54.992152,25.393472,29,2020
2019-06-01T13:01:07.000Z,54.992645,25.394703,29,1990
2019-06-01T13:01:26.000Z,54.99280699999999,25.395117000000006,29,1970
2019-06-01T13:02:17.000Z,54.994635,25.399747,29,2010
2019-06-01T13:02:22.000Z,54.994802,25.400162,29,2000
2019-06-01T13:02:29.000Z,54.99496800000001,25.400572,29,2010
2019-06-01T13:02:34.000Z,54.995137,25.400983,29,2010
2019-06-01T13:02:41.000Z,54.995303,25.401395,29,2010
2019-06-01T13:02:46.000Z,54.995443,25.401738,29,2010
2019-06-01T13:02:52.000Z,54.995635,25.402223,29,2010
2019-06-01T13:02:58.000Z,54.995773,25.402572,29,2010
2019-06-01T13:03:04.000Z,54.995938,25.402988,29,2000
2019-06-01T13:03:10.000Z,54.996107,25.403405,29,1990
2019-06-01T13:03:17.000Z,54.9963,25.403892000000006,29,1990
2019-06-01T13:03:22.000Z,54.996438,25.40424,29,1970
2019-06-01T13:03:28.000Z,54.99663,25.404728,29,1980
2019-06-01T13:03:34.000Z,54.996795,25.405145,29,1970
2019-06-01T13:03:41.000Z,54.996958,25.405563,29,1970
2019-06-01T13:03:46.000Z,54.997095,25.405912,29,1960
2019-06-01T13:03:52.000Z,54.997262,25.40633,29,1980
2019-06-01T13:03:58.000Z,54.997428,25.406747,29,1990
2019-06-01T13:04:04.000Z,54.997598,25.407163,29,1990
2019-06-01T13:04:11.000Z,54.997797,25.407652,29,2000
2019-06-01T13:04:16.000Z,54.997938,25.408,29,2000
2019-06-01T13:04:22.000Z,54.998107,25.408417,29,2010
2019-06-01T13:04:28.000Z,54.998273,25.408835,29,2000
2019-06-01T13:04:34.000Z,54.99846700000001,25.409322,29,2000
2019-06-01T13:04:41.000Z,54.998662,25.40981,29,2010
2019-06-01T13:04:46.000Z,54.99880200000001,25.410158,29,2010
2019-06-01T13:04:53.000Z,54.99896999999999,25.410577,29,2000
2019-06-01T13:04:58.000Z,54.999137,25.410995,29,2000
2019-06-01T13:05:04.000Z,54.999277,25.411345,29,2000
2019-06-01T13:05:11.000Z,54.999472,25.411835,29,2000
2019-06-01T13:05:16.000Z,54.999642,25.412253,29,1990
2019-06-01T13:05:22.000Z,54.999782,25.412602,29,2000
2019-06-01T13:05:28.000Z,54.999952,25.41302,29,2000
2019-06-01T13:05:35.000Z,55.000148,25.413508,29,2000
2019-06-01T13:05:41.000Z,55.00031800000001,25.413928,29,2020
2019-06-01T13:05:46.000Z,55.000458,25.414278,29,2000
2019-06-01T13:05:52.000Z,55.000655,25.414767,29,2020
2019-06-01T13:05:58.000Z,55.000795,25.415115,29,2010
2019-06-01T13:06:04.000Z,55.000965,25.415535,29,2020
2019-06-01T13:06:11.000Z,55.001162,25.416023000000006,29,2010
2019-06-01T13:06:16.000Z,55.0013,25.416373,29,2010
2019-06-01T13:06:28.000Z,55.001633,25.417207,29,1990
2019-06-01T13:06:41.000Z,55.001995,25.418112,29,1980
2019-06-01T13:06:46.000Z,55.002132,25.41846,29,1980
2019-06-01T13:06:52.000Z,55.002298,25.418875,29,1990
2019-06-01T13:06:58.000Z,55.002465,25.41929,29,1980
2019-06-01T13:07:04.000Z,55.00266,25.419775,29,1990
2019-06-01T13:07:11.000Z,55.00285699999999,25.42026,29,2020
2019-06-01T13:07:16.000Z,55.002997,25.420605,29,2010
2019-06-01T13:07:22.000Z,55.00316700000001,25.421018,29,2020
2019-06-01T13:07:28.000Z,55.003337,25.421432,29,2020
2019-06-01T13:07:35.000Z,55.00350699999999,25.421845,29,2010
2019-06-01T13:07:47.000Z,55.00382800000001,25.422685,29,1880
2019-06-01T13:07:55.000Z,55.003988,25.423108,29,1890
2019-06-01T13:07:59.000Z,55.00411800000001,25.42346,29,1840
2019-06-01T13:08:04.000Z,55.004278,25.423883,29,1940
2019-06-01T13:08:11.000Z,55.004492000000006,25.424365,29,2280
2019-06-01T13:08:15.000Z,55.004633,25.424632,29,2580
2019-06-01T13:08:19.000Z,55.00479,25.424887,29,2900
2019-06-01T13:08:22.000Z,55.004913,25.425073,29,3080
2019-06-01T13:08:26.000Z,55.005133,25.425375,29,3350
2019-06-01T13:08:32.000Z,55.005407,25.425727,29,3510
2019-06-01T13:08:36.000Z,55.005547,25.425903,29,3530
2019-06-01T13:08:40.000Z,55.005733,25.426138,29,3570
2019-06-01T13:08:46.000Z,55.00601700000001,25.426488,29,3630
2019-06-01T13:08:52.000Z,55.00630699999999,25.426837,29,3740
2019-06-01T13:08:59.000Z,55.00666800000001,25.427223,29,4150
2019-06-01T13:09:04.000Z,55.006942,25.427483,29,4330
2019-06-01T13:09:11.000Z,55.007322,25.42785,29,4320
2019-06-01T13:09:16.000Z,55.007595,25.428112,29,4290
2019-06-01T13:09:22.000Z,55.00792,25.428428,29,4310
2019-06-01T13:09:28.000Z,55.00825500000001,25.428738,28,4480
2019-06-01T13:09:34.000Z,55.00865,25.429095,28,4480
2019-06-01T13:09:40.000Z,55.008988,25.429398000000006,28,4540
2019-06-01T13:09:46.000Z,55.00933000000001,25.429698,28,4550
2019-06-01T13:09:52.000Z,55.00966700000001,25.430002,28,4520
2019-06-01T13:09:59.000Z,55.010062,25.430357,28,4500
2019-06-01T13:10:04.000Z,55.010338,25.430612,28,4440
2019-06-01T13:10:11.000Z,55.010668,25.430923,28,4360
2019-06-01T13:10:18.000Z,55.010985,25.431242,28,4180
2019-06-01T13:10:22.000Z,55.011247,25.43151,28,4150
2019-06-01T13:10:29.000Z,55.011607,25.43189,28,4020
2019-06-01T13:10:35.000Z,55.01190500000001,25.432223,28,3900
2019-06-01T13:10:40.000Z,55.0122,25.432562,28,3820
2019-06-01T13:10:46.000Z,55.01244200000001,25.432847,28,3750
2019-06-01T13:10:52.000Z,55.01273000000001,25.43319,28,3750
2019-06-01T13:10:59.000Z,55.013068,25.43359,28,3720
2019-06-01T13:11:04.000Z,55.013305,25.433878,28,3690
2019-06-01T13:11:11.000Z,55.013642,25.434282,28,3690
2019-06-01T13:11:17.000Z,55.013925,25.43463,28,3630
2019-06-01T13:11:22.000Z,55.014163,25.434922,28,3660
2019-06-01T13:11:29.000Z,55.01449,25.435332,28,3570
2019-06-01T13:11:34.000Z,55.014725,25.435623,28,3610
2019-06-01T13:11:40.000Z,55.015008,25.435975,28,3570
2019-06-01T13:11:46.000Z,55.015288,25.436327,28,3580
2019-06-01T13:11:52.000Z,55.015572,25.436678,28,3590
2019-06-01T13:11:59.000Z,55.015903,25.437085,28,3670
2019-06-01T13:12:06.000Z,55.01619,25.437433,28,3650
2019-06-01T13:12:13.000Z,55.01651999999999,25.437842,28,3610
2019-06-01T13:12:18.000Z,55.016753,25.438133,28,3570
2019-06-01T13:12:24.000Z,55.017028,25.438492,28,3470
2019-06-01T13:12:31.000Z,55.017298,25.438852,28,3410
2019-06-01T13:12:40.000Z,55.017822,25.439582,28,3260
2019-06-01T13:12:48.000Z,55.01807700000001,25.43995,28,3180
2019-06-01T13:12:56.000Z,55.018327,25.440322,28,3160
2019-06-01T13:13:11.000Z,55.01906700000001,25.441442,28,3050
2019-06-01T13:13:17.000Z,55.019308,25.44182,28,3020
2019-06-01T13:13:22.000Z,55.019548,25.442198,28,3010
2019-06-01T13:13:29.000Z,55.019792,25.442577,28,3010
2019-06-01T13:13:34.000Z,55.01999300000001,25.442893,29,3020
2019-06-01T13:13:40.000Z,55.020235,25.443273,29,3020
2019-06-01T13:13:46.000Z,55.020480000000006,25.443653,29,3040
2019-06-01T13:13:52.000Z,55.020727,25.444032,29,3070
2019-06-01T13:14:07.000Z,55.021227,25.44479,29,3120
2019-06-01T13:14:13.000Z,55.021523,25.445232,29,3140
2019-06-01T13:14:24.000Z,55.021992,25.445925,29,3170
2019-06-01T13:14:31.000Z,55.02229200000001,25.446365,29,3180
2019-06-01T13:14:40.000Z,55.02280699999999,25.44712,29,3180
2019-06-01T13:14:46.000Z,55.023063,25.447497,29,3190
2019-06-01T13:14:52.000Z,55.023322,25.447875,29,3190
2019-06-01T13:14:59.000Z,55.023622,25.448313,29,3190
2019-06-01T13:15:04.000Z,55.023837,25.448628,29,3160
2019-06-01T13:15:11.000Z,55.024135,25.449070000000006,29,3160
2019-06-01T13:15:17.000Z,55.024348,25.449387,29,3130
2019-06-01T13:15:24.000Z,55.024603000000006,25.449767,29,3130
2019-06-01T13:15:38.000Z,55.02506800000001,25.450463,29,3120
2019-06-01T13:16:06.000Z,55.02561800000001,25.45129,29,3110
2019-06-01T13:16:27.000Z,55.02634200000001,25.452372,29,3130
2019-06-01T13:16:37.000Z,55.02664300000001,25.452817,29,3140
2019-06-01T13:16:51.000Z,55.0269,25.453198,29,3140
2019-06-01T13:18:24.000Z,55.032062,25.460838,29,3140
2019-06-01T13:19:11.000Z,55.034418,25.464312,30,3110
2019-06-01T13:19:17.000Z,55.034667000000006,25.464702,30,2990
2019-06-01T13:19:22.000Z,55.03486700000001,25.46503,30,2900
2019-06-01T13:19:28.000Z,55.035107,25.465432,30,2830
2019-06-01T13:19:34.000Z,55.03534499999999,25.465838,30,2790
2019-06-01T13:19:41.000Z,55.035617,25.466307,30,2780
2019-06-01T13:19:46.000Z,55.035848,25.466707,30,2760
2019-06-01T13:19:53.000Z,55.036115,25.467173000000006,30,2740
2019-06-01T13:19:59.000Z,55.03634200000001,25.467573,30,2730
2019-06-01T13:20:05.000Z,55.03657,25.467975,30,2700
2019-06-01T13:20:11.000Z,55.036757,25.468308,30,2690
2019-06-01T13:20:17.000Z,55.03698000000001,25.46871,30,2680
2019-06-01T13:20:23.000Z,55.03720500000001,25.469112,30,2670
2019-06-01T13:20:28.000Z,55.037392,25.469445,30,2670
2019-06-01T13:20:34.000Z,55.037617,25.469847,30,2690
2019-06-01T13:20:41.000Z,55.03788,25.470317,30,2690
2019-06-01T13:20:47.000Z,55.038107,25.470717,30,2720
2019-06-01T13:20:53.000Z,55.038335,25.471118,30,2720
2019-06-01T13:21:05.000Z,55.03879499999999,25.47192,30,2750
2019-06-01T13:21:11.000Z,55.039027,25.47232,30,2770
2019-06-01T13:21:17.000Z,55.03925699999999,25.47272,30,2780
2019-06-01T13:21:22.000Z,55.039448,25.473052,30,2780
2019-06-01T13:21:28.000Z,55.039678,25.47345,30,2770
2019-06-01T13:21:34.000Z,55.03991,25.473848,30,2780
2019-06-01T13:21:41.000Z,55.04018000000001,25.474312,30,2790
2019-06-01T13:21:46.000Z,55.040372,25.474643,30,2780
2019-06-01T13:21:52.000Z,55.040602,25.475042,30,2770
2019-06-01T13:21:59.000Z,55.040872,25.475507,30,2770
2019-06-01T13:22:05.000Z,55.041102,25.475905,30,2760
2019-06-01T13:22:12.000Z,55.04133,25.476305,30,2740
2019-06-01T13:22:19.000Z,55.041558,25.476703,30,2740
2019-06-01T13:22:34.000Z,55.042243000000006,25.477903,30,2730
2019-06-01T13:22:41.000Z,55.042473,25.478305,30,2750
2019-06-01T13:22:46.000Z,55.042703,25.478705,30,2750
2019-06-01T13:22:52.000Z,55.042935,25.479105,30,2760
2019-06-01T13:22:59.000Z,55.043165,25.479505,30,2770
2019-06-01T13:23:05.000Z,55.043397,25.479905,30,2770
2019-06-01T13:23:11.000Z,55.04362800000001,25.480303,30,2760
2019-06-01T13:23:16.000Z,55.04385799999999,25.480705,30,2770
2019-06-01T13:23:22.000Z,55.04409,25.481103,30,2770
2019-06-01T13:23:28.000Z,55.04431999999999,25.481503,30,2760
2019-06-01T13:23:34.000Z,55.044512,25.481837,30,2750
2019-06-01T13:23:41.000Z,55.044778,25.482303,30,2750
2019-06-01T13:23:46.000Z,55.044968,25.482638,30,2740
2019-06-01T13:23:52.000Z,55.045235,25.483105,30,2750
2019-06-01T13:23:59.000Z,55.045462,25.483505,30,2750
2019-06-01T13:24:05.000Z,55.045692,25.483905,30,2770
2019-06-01T13:24:10.000Z,55.045883,25.484238,30,2770
2019-06-01T13:24:16.000Z,55.046113,25.484638,30,2780
2019-06-01T13:24:23.000Z,55.046383,25.485105,30,2770
2019-06-01T13:24:28.000Z,55.046573,25.485438,30,2770
2019-06-01T13:24:34.000Z,55.046805000000006,25.485838,30,2770
2019-06-01T13:24:41.000Z,55.047077,25.486302,30,2790
2019-06-01T13:24:46.000Z,55.04731,25.4867,30,2820
2019-06-01T13:25:05.000Z,55.048075,25.48794,30,2880
2019-06-01T13:25:10.000Z,55.048277,25.488268,30,2890
2019-06-01T13:25:16.000Z,55.04851800000001,25.488663,30,2900
2019-06-01T13:25:23.000Z,55.048762,25.489057,30,2910
2019-06-01T13:25:34.000Z,55.049248,25.489847,30,2910
2019-06-01T13:25:40.000Z,55.04949000000001,25.490238,30,2900
2019-06-01T13:25:46.000Z,55.04969200000001,25.490567,30,2910
2019-06-01T13:26:00.000Z,55.05017,25.491355,30,2900
2019-06-01T13:26:17.000Z,55.050882,25.49254,30,2840
2019-06-01T13:26:23.000Z,55.051155,25.493,30,2860
2019-06-01T13:26:28.000Z,55.05135,25.493328,30,2840
2019-06-01T13:26:34.000Z,55.051583,25.493723000000006,30,2830
2019-06-01T13:26:41.000Z,55.051857,25.494183,30,2850
2019-06-01T13:26:46.000Z,55.052052,25.494512,30,2840
2019-06-01T13:26:52.000Z,55.052288,25.494907,30,2860
2019-06-01T13:26:58.000Z,55.052523,25.495298,30,2860
2019-06-01T13:27:05.000Z,55.052798,25.495755,30,2880
2019-06-01T13:27:10.000Z,55.053033,25.496148,30,2850
2019-06-01T13:27:16.000Z,55.053263,25.49654,30,2830
2019-06-01T13:27:23.000Z,55.053533,25.496997,30,2850
2019-06-01T13:27:28.000Z,55.053727,25.497322,30,2870
2019-06-01T13:27:34.000Z,55.05396,25.497715,30,2890
2019-06-01T13:27:41.000Z,55.054188,25.498118,30,2910
2019-06-01T13:27:46.000Z,55.054423,25.498513,30,2950
2019-06-01T13:27:52.000Z,55.054662,25.498898,30,2990
2019-06-01T13:27:58.000Z,55.05490699999999,25.499283,30,3020
2019-06-01T13:28:05.000Z,55.055195,25.499728,30,3070
2019-06-01T13:28:10.000Z,55.05540300000001,25.500047,30,3090
2019-06-01T13:28:17.000Z,55.055655,25.500428,30,3110
2019-06-01T13:28:23.000Z,55.055912,25.500805,29,3150
2019-06-01T13:28:28.000Z,55.056165,25.501183,29,3140
2019-06-01T13:28:34.000Z,55.05638,25.501497,29,3160
2019-06-01T13:28:41.000Z,55.05667800000001,25.501937,29,3140
2019-06-01T13:28:46.000Z,55.056897,25.502242000000006,29,3150
2019-06-01T13:28:52.000Z,55.057158,25.50261,29,3130
2019-06-01T13:28:59.000Z,55.05745699999999,25.503047,29,3110
2019-06-01T13:29:05.000Z,55.057708,25.503425,29,3090
2019-06-01T13:29:10.000Z,55.057915,25.50374,29,3070
2019-06-01T13:29:30.000Z,55.05865,25.50488,29,3030
2019-06-01T13:29:41.000Z,55.059138,25.505642,29,3030
2019-06-01T13:29:46.000Z,55.059423,25.506085,29,3040
2019-06-01T13:29:52.000Z,55.05967,25.506467,29,3040
2019-06-01T13:29:59.000Z,55.059958,25.506912,29,3070
2019-06-01T13:30:05.000Z,55.06021,25.507295000000006,29,3070
2019-06-01T13:30:11.000Z,55.06041800000001,25.507615,29,3080
2019-06-01T13:30:17.000Z,55.06066800000001,25.507997,29,3080
2019-06-01T13:30:24.000Z,55.060917,25.508378,29,3080
2019-06-01T13:30:34.000Z,55.061373,25.509075,29,3080
2019-06-01T13:30:41.000Z,55.06166,25.509517,29,3100
2019-06-01T13:30:46.000Z,55.061865,25.509833,29,3090
2019-06-01T13:30:52.000Z,55.062153,25.510277,29,3090
2019-06-01T13:30:59.000Z,55.062402,25.510655,29,3080
2019-06-01T13:31:05.000Z,55.062645,25.51104,29,3080
2019-06-01T13:31:10.000Z,55.062887,25.511427,29,3070
2019-06-01T13:31:23.000Z,55.063377,25.512193,29,3060
2019-06-01T13:31:28.000Z,55.063582,25.512512,29,3050
2019-06-01T13:31:34.000Z,55.063827,25.512893,29,3050
2019-06-01T13:31:41.000Z,55.064113,25.513335,29,3040
2019-06-01T13:31:47.000Z,55.064357,25.513715,29,3030
2019-06-01T13:31:53.000Z,55.06456,25.514032,29,3020
2019-06-01T13:31:59.000Z,55.06480500000001,25.514412,29,3040
2019-06-01T13:32:06.000Z,55.06509200000001,25.514853,29,3050
2019-06-01T13:32:31.000Z,55.066082,25.516367,29,3060
2019-06-01T13:32:41.000Z,55.066578,25.517125,29,3070
2019-06-01T13:32:47.000Z,55.06687,25.517568,29,3080
2019-06-01T13:32:52.000Z,55.06707700000001,25.517885,29,3070
2019-06-01T13:32:59.000Z,55.067327,25.518263,29,3080
2019-06-01T13:33:05.000Z,55.067577,25.518643,29,3080
2019-06-01T13:33:10.000Z,55.067825,25.519023,29,3080
2019-06-01T13:33:17.000Z,55.068075,25.519403,29,3080
2019-06-01T13:33:22.000Z,55.068325,25.519785,29,3080
2019-06-01T13:33:28.000Z,55.068532,25.520102,29,3050
2019-06-01T13:33:34.000Z,55.068778,25.520485,29,3010
2019-06-01T13:33:41.000Z,55.069067,25.520932,29,3040
2019-06-01T13:33:53.000Z,55.069525,25.52163,29,3090
2019-06-01T13:33:58.000Z,55.069823,25.522070000000006,29,3160
2019-06-01T13:34:05.000Z,55.07008199999999,25.522447,29,3200
2019-06-01T13:34:10.000Z,55.0703,25.52276,29,3250
2019-06-01T13:34:16.000Z,55.070567,25.523132,29,3280
2019-06-01T13:34:22.000Z,55.070835,25.523503,29,3340
2019-06-01T13:34:28.000Z,55.071107,25.523872,29,3360
2019-06-01T13:34:34.000Z,55.07138000000001,25.52424,29,3370
2019-06-01T13:34:41.000Z,55.071695,25.524668,29,3350
2019-06-01T13:34:48.000Z,55.072013,25.525095,29,3400
2019-06-01T13:34:52.000Z,55.07224300000001,25.5254,29,3420
2019-06-01T13:35:10.000Z,55.073092,25.526492,29,3560
2019-06-01T13:35:16.000Z,55.073382,25.526852,29,3620
2019-06-01T13:35:28.000Z,55.07397,25.527568,29,3690
2019-06-01T13:35:35.000Z,55.074268,25.527923,29,3700
2019-06-01T13:35:41.000Z,55.074567,25.52828,29,3720
2019-06-01T13:35:47.000Z,55.074865,25.528635,29,3730
2019-06-01T13:35:52.000Z,55.07516700000001,25.52899,29,3740
2019-06-01T13:35:58.000Z,55.07546800000001,25.529343,29,3770
2019-06-01T13:36:05.000Z,55.07577,25.529697,29,3770
2019-06-01T13:36:10.000Z,55.076072,25.530048,29,3780
2019-06-01T13:36:16.000Z,55.076325,25.530342,29,3780
2019-06-01T13:36:22.000Z,55.076678,25.530752,29,3790
2019-06-01T13:36:28.000Z,55.07693,25.531045,29,3790
2019-06-01T13:36:35.000Z,55.077282,25.531455,29,3790
2019-06-01T13:36:41.000Z,55.077583,25.531805,29,3800
2019-06-01T13:36:47.000Z,55.07788299999999,25.532157,29,3770
2019-06-01T13:36:52.000Z,55.078133,25.53245,29,3770
2019-06-01T13:36:59.000Z,55.078428,25.5328,29,3720
2019-06-01T13:37:05.000Z,55.078773,25.533212,29,3720
2019-06-01T13:37:10.000Z,55.07901700000001,25.533505,29,3690
2019-06-01T13:37:16.000Z,55.079357,25.533917,29,3680
2019-06-01T13:37:22.000Z,55.079647,25.534270000000006,29,3670
2019-06-01T13:37:28.000Z,55.079937,25.534623,29,3660
2019-06-01T13:37:35.000Z,55.080273,25.535037,29,3650
2019-06-01T13:37:41.000Z,55.080562,25.535388,29,3660
2019-06-01T13:37:47.000Z,55.080852,25.535742000000006,29,3680
2019-06-01T13:37:52.000Z,55.08109200000001,25.536035,29,3680
2019-06-01T13:37:58.000Z,55.081383,25.536385,29,3700
2019-06-01T13:38:04.000Z,55.081673,25.536735,29,3710
2019-06-01T13:38:10.000Z,55.081965,25.537083,29,3720
2019-06-01T13:38:16.000Z,55.082255,25.537432,29,3720
2019-06-01T13:38:22.000Z,55.082498,25.537723,29,3720
2019-06-01T13:38:28.000Z,55.082838,25.538128,29,3730
2019-06-01T13:38:35.000Z,55.08313199999999,25.538475,29,3750
2019-06-01T13:38:41.000Z,55.083425,25.538823,29,3750
2019-06-01T13:38:47.000Z,55.08371700000001,25.539168,29,3750
2019-06-01T13:38:58.000Z,55.08430300000001,25.539858,29,3750
2019-06-01T13:39:04.000Z,55.084548,25.540145000000006,29,3740
2019-06-01T13:39:11.000Z,55.08489,25.540548,29,3730
2019-06-01T13:39:16.000Z,55.085132,25.540837,29,3720
2019-06-01T13:39:22.000Z,55.085422,25.541185,29,3700
2019-06-01T13:39:28.000Z,55.08571,25.541532,29,3690
2019-06-01T13:39:35.000Z,55.086045,25.54194,29,3670
2019-06-01T13:39:41.000Z,55.086333,25.542288,29,3680
2019-06-01T13:39:49.000Z,55.08666700000001,25.542698,29,3670
2019-06-01T13:39:55.000Z,55.086908,25.542988,29,3690
2019-06-01T13:40:11.000Z,55.087778,25.544035,29,3710
2019-06-01T13:40:20.000Z,55.08806800000001,25.544382,29,3720
2019-06-01T13:40:29.000Z,55.088653,25.545077,29,3730
2019-06-01T13:40:35.000Z,55.088947,25.545425,29,3730
2019-06-01T13:40:41.000Z,55.08924200000001,25.545772,29,3750
2019-06-01T13:40:47.000Z,55.089535,25.546118,29,3740
2019-06-01T13:40:52.000Z,55.08978199999999,25.546408,29,3740
2019-06-01T13:40:59.000Z,55.090125,25.546813,29,3740
2019-06-01T13:41:04.000Z,55.09036999999999,25.547102,29,3740
2019-06-01T13:41:11.000Z,55.090712,25.547507,29,3750
2019-06-01T13:41:16.000Z,55.090957,25.547797,29,3740
2019-06-01T13:41:28.000Z,55.091542,25.548488,29,3730
2019-06-01T13:41:35.000Z,55.09188,25.548892,29,3730
2019-06-01T13:41:41.000Z,55.09217,25.549242,29,3680
2019-06-01T13:41:47.000Z,55.092457,25.549592,29,3700
2019-06-01T13:41:53.000Z,55.092748,25.549938,29,3710
2019-06-01T13:41:59.000Z,55.093038,25.550285,29,3740
2019-06-01T13:42:04.000Z,55.093285,25.550572,29,3800
2019-06-01T13:42:11.000Z,55.093635,25.550972,29,3840
2019-06-01T13:42:16.000Z,55.093888,25.551255,29,3890
2019-06-01T13:42:22.000Z,55.094248,25.55165,29,3940
2019-06-01T13:42:28.000Z,55.09456,25.551985,29,4010
2019-06-01T13:42:35.000Z,55.094873,25.552317,29,4050
2019-06-01T13:42:41.000Z,55.095188,25.552647,29,4090
2019-06-01T13:42:47.000Z,55.095558,25.55303,29,4120
2019-06-01T13:43:11.000Z,55.09678,25.554282,29,4150
2019-06-01T13:43:16.000Z,55.097098,25.554607,29,4170
2019-06-01T13:43:22.000Z,55.097365,25.554878,29,4160
2019-06-01T13:43:28.000Z,55.097738,25.555257,29,4180
2019-06-01T13:43:35.000Z,55.098057,25.555583,29,4170
2019-06-01T13:43:41.000Z,55.098377,25.55591,29,4180
2019-06-01T13:43:46.000Z,55.098645,25.556182,29,4170
2019-06-01T13:43:53.000Z,55.09902,25.556565,29,4160
2019-06-01T13:43:59.000Z,55.09934200000001,25.556895,29,4160
2019-06-01T13:44:04.000Z,55.09961,25.557170000000006,29,4150
2019-06-01T13:44:11.000Z,55.099983,25.557555,29,4130
2019-06-01T13:44:16.000Z,55.100248,25.557832,29,4110
2019-06-01T13:44:22.000Z,55.100568,25.558163,29,4100
2019-06-01T13:44:29.000Z,55.100885,25.558497,29,4090
2019-06-01T13:44:35.000Z,55.101257,25.558883,29,4100
2019-06-01T13:44:41.000Z,55.101575,25.559215,29,4110
2019-06-01T13:44:46.000Z,55.10184,25.559492,29,4100
2019-06-01T13:44:53.000Z,55.102265,25.55993,29,4120
2019-06-01T13:44:59.000Z,55.10253,25.560207,29,4090
2019-06-01T13:45:04.000Z,55.102848,25.560537,29,4120
2019-06-01T13:45:18.000Z,55.103485,25.561193,29,4140
2019-06-01T13:45:26.000Z,55.103807,25.56152,29,4160
2019-06-01T13:45:36.000Z,55.104455,25.562173,29,4200
2019-06-01T13:45:43.000Z,55.10478000000001,25.562498,29,4230
2019-06-01T13:45:49.000Z,55.105052,25.562768,29,4240
2019-06-01T13:45:59.000Z,55.10543199999999,25.563147,29,4240
2019-06-01T13:46:27.000Z,55.107013,25.5647,29,4280
2019-06-01T13:46:36.000Z,55.107395,25.565075,29,4270
2019-06-01T13:46:46.000Z,55.10805,25.56572,29,4260
2019-06-01T13:47:00.000Z,55.10902700000001,25.566688,29,4220
2019-06-01T13:47:05.000Z,55.109297,25.566958,29,4220
2019-06-01T13:47:17.000Z,55.109997,25.56766,29,4210
2019-06-01T13:47:22.000Z,55.11032,25.567983,29,4210
2019-06-01T13:47:28.000Z,55.110652,25.568303,29,4250
2019-06-01T13:47:35.000Z,55.111085,25.568752,29,4220
2019-06-01T13:47:46.000Z,55.111883,25.569583,29,4210
2019-06-01T13:47:53.000Z,55.11229300000001,25.570002,29,4230
2019-06-01T13:47:58.000Z,55.112577,25.570287,29,4230
2019-06-01T13:48:04.000Z,55.112857,25.570563,29,4240
2019-06-01T13:48:17.000Z,55.113578,25.57127,29,4250
2019-06-01T13:48:22.000Z,55.113852,25.571542,29,4240
2019-06-01T13:48:30.000Z,55.114237,25.57192,29,4240
2019-06-01T13:48:47.000Z,55.115175,25.572847,29,4220
2019-06-01T13:48:53.000Z,55.115503,25.573172,29,4220
2019-06-01T13:49:00.000Z,55.115885,25.57355,29,4220
2019-06-01T13:49:17.000Z,55.116868,25.57453,29,4220
2019-06-01T13:49:22.000Z,55.11714300000001,25.574802,29,4210
2019-06-01T13:49:29.000Z,55.11747,25.57513,29,4220
2019-06-01T13:49:35.000Z,55.117852,25.575512,29,4220
2019-06-01T13:49:40.000Z,55.118125,25.575783,29,4230
2019-06-01T13:49:47.000Z,55.11851,25.576163,29,4240
2019-06-01T13:49:52.000Z,55.118838,25.57649,29,4250
2019-06-01T13:49:58.000Z,55.11917,25.576818,29,4250
2019-06-01T13:50:04.000Z,55.119502,25.577145,29,4250
2019-06-01T13:50:17.000Z,55.120223,25.57785,29,4250
2019-06-01T13:50:30.000Z,55.120827,25.578448,29,4250
2019-06-01T13:50:41.000Z,55.121483,25.579102,29,4240
2019-06-01T13:50:52.000Z,55.12214,25.579753,29,4230
2019-06-01T13:50:59.000Z,55.12241,25.580017,29,4240
2019-06-01T13:51:04.000Z,55.122573,25.580173,29,4240
2019-06-01T13:51:10.000Z,55.122875,25.580463,29,4260
2019-06-01T13:51:17.000Z,55.12316800000001,25.58075,29,4260
2019-06-01T13:51:23.000Z,55.12347800000001,25.581055,29,4260
2019-06-01T13:51:28.000Z,55.123803,25.581365,29,4280
2019-06-01T13:51:34.000Z,55.124073,25.581633,29,4260
2019-06-01T13:51:40.000Z,55.1244,25.581958,29,4250
2019-06-01T13:51:47.000Z,55.124785,25.582337,29,4260
2019-06-01T13:51:52.000Z,55.125062,25.582608,29,4260
2019-06-01T13:51:59.000Z,55.125393,25.582935,29,4270
2019-06-01T13:52:04.000Z,55.12572700000001,25.583262,29,4270
2019-06-01T13:52:11.000Z,55.12606,25.58359,29,4260
2019-06-01T13:52:17.000Z,55.126448,25.583972,29,4270
2019-06-01T13:52:22.000Z,55.126727,25.584245000000006,29,4250
2019-06-01T13:52:28.000Z,55.127113,25.584628,29,4250
2019-06-01T13:52:34.000Z,55.127445,25.584958,29,4240
2019-06-01T13:52:40.000Z,55.127777,25.585288,29,4240
2019-06-01T13:52:47.000Z,55.128162,25.585673,29,4230
2019-06-01T13:52:53.000Z,55.128437,25.585948,29,4230
2019-06-01T13:53:03.000Z,55.128767,25.58628,29,4220
2019-06-01T13:53:17.000Z,55.129757,25.587272,29,4240
2019-06-01T13:53:23.000Z,55.130087,25.587602,29,4230
2019-06-01T13:53:28.000Z,55.130417,25.587932,29,4240
2019-06-01T13:53:40.000Z,55.131078,25.588588,29,4260
2019-06-01T13:53:47.000Z,55.131413,25.588913,29,4290
2019-06-01T13:53:53.000Z,55.131747,25.589238,29,4270
2019-06-01T13:53:58.000Z,55.132023,25.58951,29,4260
2019-06-01T13:54:04.000Z,55.132355,25.589837,29,4230
2019-06-01T13:54:10.000Z,55.13268299999999,25.590165,29,4190
2019-06-01T13:54:17.000Z,55.133062,25.590553,29,4140
2019-06-01T13:54:22.000Z,55.133383,25.590887,29,4110
2019-06-01T13:54:28.000Z,55.13365,25.591167,29,4080
2019-06-01T13:54:36.000Z,55.13396700000001,25.591503,29,4040
2019-06-01T13:54:43.000Z,55.134283,25.591842,29,4010
2019-06-01T13:54:58.000Z,55.135273,25.592918,29,3970
2019-06-01T13:55:04.000Z,55.135587,25.593258,29,3970
2019-06-01T13:55:17.000Z,55.13626800000001,25.593995,29,3980
2019-06-01T13:55:23.000Z,55.136583,25.594337,29,3990
2019-06-01T13:55:28.000Z,55.136793,25.594563,29,4010
2019-06-01T13:55:34.000Z,55.137163,25.594958,29,4020
2019-06-01T13:55:40.000Z,55.137483,25.595298,29,4030
2019-06-01T13:55:46.000Z,55.137748,25.59558,29,4050
2019-06-01T13:55:53.000Z,55.138122,25.595977,29,4050
2019-06-01T13:55:58.000Z,55.138387,25.596258,29,4060
2019-06-01T13:56:04.000Z,55.138705,25.596595,29,4060
2019-06-01T13:56:11.000Z,55.13907800000001,25.596988,29,4060
2019-06-01T13:56:17.000Z,55.139398,25.597325,29,4070
2019-06-01T13:56:23.000Z,55.139718,25.597662,29,4060
2019-06-01T13:56:28.000Z,55.139985,25.597943,29,4060
2019-06-01T13:56:34.000Z,55.140303,25.59828,29,4070
2019-06-01T13:56:40.000Z,55.140625,25.598617,29,4050
2019-06-01T13:56:46.000Z,55.14094300000001,25.598955,29,4060
2019-06-01T13:56:53.000Z,55.141317,25.59935,29,4040
2019-06-01T13:56:58.000Z,55.14158199999999,25.599633,29,4040
2019-06-01T13:57:07.000Z,55.1419,25.599973,29,4020
2019-06-01T13:57:24.000Z,55.14291,25.601053,29,4030
2019-06-01T13:57:34.000Z,55.143547,25.601735,29,4030
2019-06-01T13:57:40.000Z,55.14386700000001,25.602075,30,4030
2019-06-01T13:57:46.000Z,55.144187,25.602415,30,4040
2019-06-01T13:57:53.000Z,55.144558,25.602813,30,4040
2019-06-01T13:57:58.000Z,55.144827,25.603097,30,4050
2019-06-01T13:58:06.000Z,55.145147,25.603437,30,4050
2019-06-01T13:58:20.000Z,55.145788,25.604117,30,4060
2019-06-01T13:58:32.000Z,55.14611,25.604455,30,4060
2019-06-01T13:59:01.000Z,55.147973,25.606427,30,4060
2019-06-01T13:59:02.000Z,55.147985,25.606432,30,4060
2019-06-01T13:59:25.000Z,55.149325,25.607837,30,4050
2019-06-01T13:59:54.000Z,55.14995699999999,25.608517000000006,30,3980
2019-06-01T14:00:27.000Z,55.152145,25.611013,29,3780
2019-06-01T14:00:57.000Z,55.153598,25.612713,29,3800
2019-06-01T14:01:24.000Z,55.155122,25.614457,29,3860
2019-06-01T14:01:34.000Z,55.155683,25.615095,29,3880
2019-06-01T14:01:49.000Z,55.15604200000001,25.6155,29,3860
2019-06-01T14:02:10.000Z,55.157525,25.617182,29,3850
2019-06-01T14:02:25.000Z,55.158435,25.618227,29,3820
2019-06-01T14:02:43.000Z,55.158788,25.618635,29,3790
2019-06-01T14:03:12.000Z,55.160605,25.620748000000006,29,3830
2019-06-01T14:03:28.000Z,55.161228,25.621445,29,3920
2019-06-01T14:03:52.000Z,55.162847,25.623138,29,4280
2019-06-01T14:04:19.000Z,55.164587,25.624727,29,4600
2019-06-01T14:04:36.000Z,55.165673,25.625645,30,4760
2019-06-01T14:04:48.000Z,55.16640500000001,25.626247,30,4810
2019-06-01T14:04:54.000Z,55.166712,25.626495,30,4840
2019-06-01T14:05:00.000Z,55.167203,25.626888,30,4840
2019-06-01T14:05:05.000Z,55.167508,25.627133,30,4840
2019-06-01T14:05:11.000Z,55.167875,25.62743,30,4830
2019-06-01T14:05:17.000Z,55.1683,25.627778,30,4790
2019-06-01T14:05:23.000Z,55.168603,25.62803,30,4760
2019-06-01T14:05:35.000Z,55.169325,25.628637,30,4720
2019-06-01T14:05:41.000Z,55.169683,25.628943,30,4680
2019-06-01T14:05:47.000Z,55.17004,25.629253,30,4630
2019-06-01T14:05:54.000Z,55.170393,25.629563,30,4600
2019-06-01T14:05:59.000Z,55.170747,25.629875,30,4590
2019-06-01T14:06:05.000Z,55.171098,25.630185,30,4570
2019-06-01T14:06:17.000Z,55.171803,25.630798,30,4590
2019-06-01T14:06:22.000Z,55.172155,25.631105,30,4590
2019-06-01T14:06:35.000Z,55.172865,25.631722,30,4610
2019-06-01T14:06:41.000Z,55.17321999999999,25.63203,30,4630
2019-06-01T14:06:46.000Z,55.17351800000001,25.632288,30,4620
2019-06-01T14:06:52.000Z,55.173875,25.632598,30,4640
2019-06-01T14:06:59.000Z,55.17429300000001,25.632962,30,4640
2019-06-01T14:07:05.000Z,55.17465,25.633272,30,4650
2019-06-01T14:07:11.000Z,55.175007,25.633582,30,4640
2019-06-01T14:07:23.000Z,55.175662,25.63415,30,4640
2019-06-01T14:07:29.000Z,55.176077,25.634512,30,4650
2019-06-01T14:07:35.000Z,55.176492,25.634872,30,4640
2019-06-01T14:07:41.000Z,55.17685,25.63518,30,4650
2019-06-01T14:07:46.000Z,55.177145,25.635438,30,4640
2019-06-01T14:07:53.000Z,55.177502,25.635745,30,4660
2019-06-01T14:08:17.000Z,55.178927,25.636973,30,4670
2019-06-01T14:08:35.000Z,55.18,25.637897,30,4670
2019-06-01T14:08:41.000Z,55.18036,25.638208,30,4660
2019-06-01T14:08:46.000Z,55.18072,25.638518,30,4670
2019-06-01T14:08:52.000Z,55.181078,25.638828,30,4640
2019-06-01T14:08:59.000Z,55.181435,25.639137,30,4660
2019-06-01T14:09:04.000Z,55.181733,25.639393,30,4650
2019-06-01T14:09:11.000Z,55.18215,25.639753,30,4660
2019-06-01T14:09:17.000Z,55.182503,25.640062,30,4650
2019-06-01T14:09:23.000Z,55.182853,25.640363,30,4660
2019-06-01T14:09:29.000Z,55.18320500000001,25.64067,30,4640
2019-06-01T14:09:41.000Z,55.183915,25.641285,30,4650
2019-06-01T14:09:46.000Z,55.184212,25.64154,30,4660
2019-06-01T14:09:52.000Z,55.18456800000001,25.641847,30,4670
2019-06-01T14:09:58.000Z,55.184927,25.642153,30,4670
2019-06-01T14:10:11.000Z,55.185762,25.642873,30,4670
2019-06-01T14:10:17.000Z,55.18611800000001,25.643183,30,4650
2019-06-01T14:10:23.000Z,55.186477,25.643493,30,4650
2019-06-01T14:10:28.000Z,55.186775,25.64375,30,4650
2019-06-01T14:10:35.000Z,55.187192,25.64411,30,4630
2019-06-01T14:10:41.000Z,55.18749,25.644367000000006,30,4640
2019-06-01T14:10:46.000Z,55.187845,25.644675,29,4630
2019-06-01T14:10:52.000Z,55.188202,25.644985,29,4630
2019-06-01T14:10:58.000Z,55.188557,25.645295,29,4630
2019-06-01T14:11:04.000Z,55.188912,25.645605,29,4630
2019-06-01T14:11:11.000Z,55.18926800000001,25.645913,29,4630
2019-06-01T14:11:17.000Z,55.189623,25.646222,30,4640
2019-06-01T14:11:23.000Z,55.189977,25.646528,30,4630
2019-06-01T14:11:28.000Z,55.190272,25.646785,30,4650
2019-06-01T14:11:34.000Z,55.190687,25.647142,30,4650
2019-06-01T14:11:40.000Z,55.190982,25.647398000000006,30,4660
2019-06-01T14:11:46.000Z,55.191338,25.647705,29,4650
2019-06-01T14:11:55.000Z,55.191757,25.648062,29,4660
2019-06-01T14:11:59.000Z,55.192055,25.648317,29,4660
2019-06-01T14:12:04.000Z,55.192415,25.648623,29,4670
2019-06-01T14:12:11.000Z,55.19283299999999,25.648983,29,4660
2019-06-01T14:12:17.000Z,55.19319300000001,25.649292000000006,29,4650
2019-06-01T14:12:22.000Z,55.193493,25.649548,29,4650
2019-06-01T14:12:28.000Z,55.193852,25.649858,29,4640
2019-06-01T14:12:35.000Z,55.194267,25.650218,29,4630
2019-06-01T14:12:40.000Z,55.194623,25.650527,29,4610
2019-06-01T14:12:46.000Z,55.194975,25.650835,29,4600
2019-06-01T14:12:54.000Z,55.195328,25.651143,29,4600
2019-06-01T14:13:00.000Z,55.19568,25.651452,29,4590
2019-06-01T14:13:05.000Z,55.196032,25.65176,29,4580
2019-06-01T14:13:11.000Z,55.19644200000001,25.65212,29,4590
2019-06-01T14:13:16.000Z,55.196735,25.652377,29,4590
2019-06-01T14:13:22.000Z,55.197028,25.652633,29,4600
2019-06-01T14:13:28.000Z,55.197382,25.65294,29,4580
2019-06-01T14:13:34.000Z,55.19779499999999,25.653298,29,4620
2019-06-01T14:13:40.000Z,55.19809,25.653553,29,4620
2019-06-01T14:13:47.000Z,55.19850200000001,25.653912,29,4650
2019-06-01T14:13:52.000Z,55.198797,25.654167,29,4630
2019-06-01T14:13:58.000Z,55.19915,25.654473,29,4640
2019-06-01T14:14:05.000Z,55.199565,25.654832,29,4650
2019-06-01T14:14:11.000Z,55.199918,25.655137,29,4660
2019-06-01T14:14:16.000Z,55.200213,25.655392000000006,29,4660
2019-06-01T14:14:22.000Z,55.200568,25.655698,29,4670
2019-06-01T14:14:28.000Z,55.200923,25.656002,29,4670
2019-06-01T14:14:34.000Z,55.201338,25.656358,29,4690
2019-06-01T14:14:40.000Z,55.201635,25.656612,29,4680
2019-06-01T14:14:46.000Z,55.201992,25.656917,29,4680
2019-06-01T14:14:52.000Z,55.20235,25.657217000000006,29,4690
2019-06-01T14:14:58.000Z,55.202708,25.657515,29,4670
2019-06-01T14:15:05.000Z,55.203183,25.657915,29,4670
2019-06-01T14:15:11.000Z,55.203537,25.658218,29,4650
2019-06-01T14:15:17.000Z,55.20383,25.658472,29,4650
2019-06-01T14:15:22.000Z,55.204182,25.658777,29,4650
2019-06-01T14:15:28.000Z,55.20453199999999,25.659082,29,4630
2019-06-01T14:15:34.000Z,55.204882,25.659385,29,4630
2019-06-01T14:15:40.000Z,55.20523000000001,25.65969,29,4610
2019-06-01T14:15:46.000Z,55.20558000000001,25.659993,29,4620
2019-06-01T14:15:52.000Z,55.20593,25.660298,29,4600
2019-06-01T14:15:58.000Z,55.20627800000001,25.660602,29,4620
2019-06-01T14:16:05.000Z,55.206628,25.660907,29,4620
2019-06-01T14:16:11.000Z,55.206978,25.661212,29,4640
2019-06-01T14:16:16.000Z,55.207328,25.661515,29,4640
2019-06-01T14:16:20.000Z,55.2076,25.66176,29,4650
2019-06-01T14:16:22.000Z,55.20762,25.661768,29,4650
2019-06-01T14:16:29.000Z,55.208032,25.662122,29,4670
2019-06-01T14:16:34.000Z,55.20838199999999,25.662425,29,4670
2019-06-01T14:16:40.000Z,55.208677,25.662677,29,4690
2019-06-01T14:16:47.000Z,55.209087,25.663028,29,4690
2019-06-01T14:16:52.000Z,55.20938,25.66328,29,4690
2019-06-01T14:17:05.000Z,55.210145,25.66393,29,4720
2019-06-01T14:17:11.000Z,55.210497,25.664228,29,4710
2019-06-01T14:17:16.000Z,55.21079200000001,25.664478,29,4710
2019-06-01T14:17:22.000Z,55.211145,25.664775,29,4710
2019-06-01T14:17:29.000Z,55.211555,25.665122,29,4690
2019-06-01T14:17:34.000Z,55.21185,25.665368,29,4710
2019-06-01T14:17:40.000Z,55.21226,25.665717,29,4680
2019-06-01T14:17:47.000Z,55.21267,25.666065,29,4680
2019-06-01T14:17:52.000Z,55.21296,25.666315,29,4660
2019-06-01T14:17:59.000Z,55.21337,25.666667,29,4660
2019-06-01T14:18:05.000Z,55.213717,25.666967,29,4640
2019-06-01T14:18:11.000Z,55.214007,25.667217,29,4630
2019-06-01T14:18:16.000Z,55.21435,25.667525,29,4610
2019-06-01T14:18:29.000Z,55.215042,25.668133,29,4610
2019-06-01T14:18:40.000Z,55.215678,25.668687,29,4650
2019-06-01T14:18:47.000Z,55.216087,25.669038,29,4670
2019-06-01T14:18:52.000Z,55.216437,25.669337,29,4690
2019-06-01T14:18:59.000Z,55.216788,25.669635,29,4690
2019-06-01T14:19:05.000Z,55.21714,25.669933,29,4700
2019-06-01T14:19:11.000Z,55.21749200000001,25.67023,29,4720
2019-06-01T14:19:17.000Z,55.217843,25.670527,29,4710
2019-06-01T14:19:23.000Z,55.21819300000001,25.670823,29,4720
2019-06-01T14:19:29.000Z,55.218543,25.67112,29,4690
2019-06-01T14:19:34.000Z,55.218837,25.671368,29,4680
2019-06-01T14:19:41.000Z,55.21924300000001,25.671718,29,4640
2019-06-01T14:19:47.000Z,55.21959,25.672022,29,4630
2019-06-01T14:19:52.000Z,55.21988,25.672273,29,4610
2019-06-01T14:19:59.000Z,55.220285,25.672628,29,4600
2019-06-01T14:20:05.000Z,55.220632,25.672932,29,4590
2019-06-01T14:20:11.000Z,55.221037,25.673288,29,4590
2019-06-01T14:20:17.000Z,55.221387,25.67359,29,4630
2019-06-01T14:20:23.000Z,55.221735,25.673893,29,4630
2019-06-01T14:20:29.000Z,55.222027,25.674143,29,4660
2019-06-01T14:20:34.000Z,55.222377,25.674445,29,4650
2019-06-01T14:20:41.000Z,55.222727,25.674745,29,4670
2019-06-01T14:20:47.000Z,55.223078,25.675043,29,4660
2019-06-01T14:20:52.000Z,55.22342800000001,25.675342,29,4660
2019-06-01T14:20:59.000Z,55.223783,25.675643,29,4660
2019-06-01T14:21:05.000Z,55.224135,25.675945,29,4660
2019-06-01T14:21:11.000Z,55.224487,25.676248,29,4650
2019-06-01T14:21:17.000Z,55.224838,25.67655,29,4660
2019-06-01T14:21:23.000Z,55.22519000000001,25.67685,29,4650
2019-06-01T14:21:29.000Z,55.22554,25.677152,29,4650
2019-06-01T14:21:34.000Z,55.225833,25.6774,29,4670
2019-06-01T14:21:41.000Z,55.226243,25.67775,29,4670
2019-06-01T14:21:47.000Z,55.226595,25.67805,29,4690
2019-06-01T14:21:55.000Z,55.22694499999999,25.678348,29,4690
2019-06-01T14:22:08.000Z,55.227297,25.678647,29,4680
2019-06-01T14:22:34.000Z,55.22934300000001,25.680397,29,4640
2019-06-01T14:22:41.000Z,55.22981,25.6808,29,4620
2019-06-01T14:22:47.000Z,55.230157,25.681103,29,4620
2019-06-01T14:22:52.000Z,55.230447,25.681357,29,4610
2019-06-01T14:22:59.000Z,55.23079499999999,25.68166,29,4620
2019-06-01T14:23:04.000Z,55.231143,25.681963,29,4620
2019-06-01T14:23:11.000Z,55.231495,25.682267,29,4640
2019-06-01T14:23:17.000Z,55.23184499999999,25.68257,29,4650
2019-06-01T14:23:23.000Z,55.232198,25.682875,29,4660
2019-06-01T14:23:28.000Z,55.23249000000001,25.683127,29,4650
2019-06-01T14:23:34.000Z,55.232902,25.683482,29,4650
2019-06-01T14:23:42.000Z,55.23325300000001,25.683783,29,4660
2019-06-01T14:23:57.000Z,55.233958,25.684387,29,4680
2019-06-01T14:24:02.000Z,55.234312,25.684688,29,4680
2019-06-01T14:24:07.000Z,55.234667,25.684987,29,4720
2019-06-01T14:24:17.000Z,55.235377,25.685582,29,4730
2019-06-01T14:24:23.000Z,55.235733,25.685878,29,4740
2019-06-01T14:24:28.000Z,55.236032,25.686125,29,4730
2019-06-01T14:24:34.000Z,55.236388,25.686423,29,4760
2019-06-01T14:24:41.000Z,55.236805,25.686770000000006,29,4730
2019-06-01T14:24:46.000Z,55.237102,25.687017,29,4750
2019-06-01T14:24:52.000Z,55.237458,25.687313,29,4740
2019-06-01T14:24:59.000Z,55.23786800000001,25.687657,29,4750
2019-06-01T14:25:04.000Z,55.238162,25.6879,29,4740
2019-06-01T14:25:11.000Z,55.23863000000001,25.688293,29,4720
2019-06-01T14:25:17.000Z,55.238983,25.68859,29,4720
2019-06-01T14:25:23.000Z,55.239337,25.688887,29,4700
2019-06-01T14:25:28.000Z,55.239628,25.689135,29,4680
2019-06-01T14:25:34.000Z,55.23998,25.689432,29,4680
2019-06-01T14:25:41.000Z,55.24033000000001,25.689732,29,4630
2019-06-01T14:25:46.000Z,55.24067700000001,25.690037,29,4600
2019-06-01T14:25:52.000Z,55.241022,25.690342,29,4590
2019-06-01T14:25:59.000Z,55.24137,25.690645,29,4590
2019-06-01T14:26:04.000Z,55.241717,25.690948,29,4630
2019-06-01T14:26:11.000Z,55.24206700000001,25.69125,29,4650
2019-06-01T14:26:17.000Z,55.24241800000001,25.69155,29,4680
2019-06-01T14:26:34.000Z,55.243488,25.692435,29,4800
2019-06-01T14:26:46.000Z,55.24415,25.692967000000003,29,4850
2019-06-01T14:26:53.000Z,55.244573,25.693302,29,4900
2019-06-01T14:26:59.000Z,55.244938,25.693587,29,4910
2019-06-01T14:27:05.000Z,55.245305,25.693873,29,4940
2019-06-01T14:27:11.000Z,55.24567,25.694158,29,4930
2019-06-01T14:27:17.000Z,55.246037,25.694443,29,4930
2019-06-01T14:27:23.000Z,55.246402,25.694732,29,4910
2019-06-01T14:27:28.000Z,55.24670500000001,25.694972,29,4900
2019-06-01T14:27:35.000Z,55.24706800000001,25.69526,29,4880
2019-06-01T14:27:46.000Z,55.247857,25.695883,29,4880
2019-06-01T14:27:53.000Z,55.24828,25.69622,29,4870
2019-06-01T14:27:58.000Z,55.24858199999999,25.69646,29,4860
2019-06-01T14:28:05.000Z,55.24894499999999,25.69675,29,4870
2019-06-01T14:28:11.000Z,55.249307,25.697042,29,4860
2019-06-01T14:28:17.000Z,55.24967,25.697332,29,4870
2019-06-01T14:28:23.000Z,55.250033,25.697622,29,4870
2019-06-01T14:28:34.000Z,55.250758,25.698202,29,4880
2019-06-01T14:28:40.000Z,55.251122,25.69849,29,4890
2019-06-01T14:28:53.000Z,55.251847,25.699067000000007,29,4890
2019-06-01T14:28:58.000Z,55.25221,25.699355,29,4880
2019-06-01T14:29:05.000Z,55.25258,25.699653,29,4880
2019-06-01T14:29:11.000Z,55.252942,25.699937,29,4880
2019-06-01T14:29:17.000Z,55.253303,25.700223,29,4890
2019-06-01T14:29:23.000Z,55.25366700000001,25.70051,29,4890
2019-06-01T14:29:28.000Z,55.25397,25.700748,29,4890
2019-06-01T14:29:37.000Z,55.254395,25.701083,29,4910
2019-06-01T14:29:41.000Z,55.2547,25.701323,29,4890
2019-06-01T14:29:46.000Z,55.255065,25.701612,29,4890
2019-06-01T14:29:53.000Z,55.25549,25.701948,29,4900
2019-06-01T14:29:58.000Z,55.25579499999999,25.70219,29,4890
2019-06-01T14:30:05.000Z,55.256222,25.702525,29,4890
2019-06-01T14:30:11.000Z,55.256585,25.702813,29,4890
2019-06-01T14:30:17.000Z,55.256948,25.7031,29,4890
2019-06-01T14:30:23.000Z,55.257373,25.703435,29,4870
2019-06-01T14:30:28.000Z,55.257677,25.703675,29,4870
2019-06-01T14:30:35.000Z,55.2581,25.70401,29,4860
2019-06-01T14:30:41.000Z,55.258402,25.704252,29,4870
2019-06-01T14:30:46.000Z,55.258765,25.70454,29,4850
2019-06-01T14:30:53.000Z,55.259128,25.70483,29,4870
2019-06-01T14:30:58.000Z,55.259492,25.70512,29,4850
2019-06-01T14:31:05.000Z,55.259853,25.70541,29,4870
2019-06-01T14:31:17.000Z,55.26058199999999,25.705988,29,4870
2019-06-01T14:31:23.000Z,55.260947,25.706277,29,4880
2019-06-01T14:31:28.000Z,55.261312,25.706567,29,4870
2019-06-01T14:31:35.000Z,55.261675,25.706855,29,4880
2019-06-01T14:31:40.000Z,55.262042,25.707147,29,4880
2019-06-01T14:31:47.000Z,55.262407,25.707437,29,4870
2019-06-01T14:31:53.000Z,55.26277,25.707728,29,4880
2019-06-01T14:31:58.000Z,55.263135,25.708018,29,4880
2019-06-01T14:32:05.000Z,55.2635,25.70831,29,4890
2019-06-01T14:32:11.000Z,55.263865,25.7086,29,4890
2019-06-01T14:32:17.000Z,55.264228,25.708888,29,4890
2019-06-01T14:32:23.000Z,55.26459300000001,25.709178,29,4890
2019-06-01T14:32:28.000Z,55.264898,25.709418,29,4890
2019-06-01T14:32:35.000Z,55.265323,25.709757,29,4890
2019-06-01T14:32:47.000Z,55.26611,25.710385,29,4870
2019-06-01T14:32:53.000Z,55.266472,25.710673,29,4870
2019-06-01T14:33:01.000Z,55.266773,25.710913,29,4870
2019-06-01T14:33:20.000Z,55.267853,25.711783,29,4850
2019-06-01T14:33:29.000Z,55.268273,25.71212,29,4830
2019-06-01T14:33:38.000Z,55.268993,25.712702,29,4850
2019-06-01T14:33:48.000Z,55.26965500000001,25.713233,29,4870
2019-06-01T14:33:54.000Z,55.270017,25.713522,29,4860
2019-06-01T14:33:58.000Z,55.270318,25.713762,29,4870
2019-06-01T14:34:05.000Z,55.27074,25.714095,29,4880
2019-06-01T14:34:11.000Z,55.2711,25.714383,29,4860
2019-06-01T14:34:17.000Z,55.27146,25.71467,29,4880
2019-06-01T14:34:23.000Z,55.27182,25.714958,29,4860
2019-06-01T14:34:29.000Z,55.27218000000001,25.715247,29,4870
2019-06-01T14:34:35.000Z,55.27254,25.715535,29,4850
2019-06-01T14:34:40.000Z,55.272842,25.715777,29,4870
2019-06-01T14:34:47.000Z,55.273262,25.716113,29,4850
2019-06-01T14:34:53.000Z,55.273622,25.716403,29,4850
2019-06-01T14:34:58.000Z,55.273922,25.716643,29,4860
2019-06-01T14:35:05.000Z,55.274343,25.716982,29,4870
2019-06-01T14:35:11.000Z,55.274705,25.717270000000006,29,4880
2019-06-01T14:35:17.000Z,55.27512700000001,25.717607,29,4880
2019-06-01T14:35:23.000Z,55.27549000000001,25.717895,29,4870
2019-06-01T14:35:29.000Z,55.27579,25.718137,29,4870
2019-06-01T14:35:35.000Z,55.27615,25.718425,29,4870
2019-06-01T14:35:40.000Z,55.276512,25.718715,29,4860
2019-06-01T14:35:47.000Z,55.276872,25.719005,29,4850
2019-06-01T14:35:53.000Z,55.277232,25.719295,29,4860
2019-06-01T14:35:58.000Z,55.277532,25.719537,29,4840
2019-06-01T14:36:05.000Z,55.27795,25.719875,29,4840
2019-06-01T14:36:11.000Z,55.27831,25.720163,29,4850
2019-06-01T14:36:17.000Z,55.278672,25.720452,29,4860
2019-06-01T14:36:23.000Z,55.279032,25.720738,29,4880
2019-06-01T14:36:29.000Z,55.279393000000006,25.721025,29,4860
2019-06-01T14:36:35.000Z,55.279755,25.721312,29,4880
2019-06-01T14:36:40.000Z,55.280117,25.7216,29,4870
2019-06-01T14:36:47.000Z,55.280478,25.721887,29,4880
2019-06-01T14:36:53.000Z,55.28084000000001,25.722173,29,4890
2019-06-01T14:36:58.000Z,55.28114300000001,25.722412,29,4880
2019-06-01T14:37:05.000Z,55.281567,25.722747,29,4880
2019-06-01T14:37:12.000Z,55.281928,25.723033,29,4880
2019-06-01T14:37:17.000Z,55.282293,25.72332,29,4890
2019-06-01T14:37:23.000Z,55.28265699999999,25.723607,29,4880
2019-06-01T14:37:28.000Z,55.28296,25.723845,29,4890
2019-06-01T14:37:41.000Z,55.283687,25.724418,29,4870
2019-06-01T14:37:46.000Z,55.28411,25.724752,29,4870
2019-06-01T14:37:53.000Z,55.284533,25.725087,29,4860
2019-06-01T14:37:58.000Z,55.284833,25.725328,29,4850
2019-06-01T14:38:05.000Z,55.28519300000001,25.725617,29,4820
2019-06-01T14:38:10.000Z,55.285553,25.725908,29,4810
2019-06-01T14:38:17.000Z,55.285912,25.726202,29,4790
2019-06-01T14:38:23.000Z,55.28627,25.726495,29,4790
2019-06-01T14:38:28.000Z,55.286628,25.72679,29,4780
2019-06-01T14:38:35.000Z,55.286983,25.727085,29,4770
2019-06-01T14:38:40.000Z,55.287342,25.727378,29,4790
2019-06-01T14:38:46.000Z,55.287698,25.727672,29,4790
2019-06-01T14:38:52.000Z,55.28805500000001,25.727965,29,4820
2019-06-01T14:38:58.000Z,55.288355,25.728208,29,4800
2019-06-01T14:39:05.000Z,55.288772,25.728547,29,4830
2019-06-01T14:39:13.000Z,55.289132,25.728838,29,4840
2019-06-01T14:39:18.000Z,55.289492,25.729128,29,4850
2019-06-01T14:39:23.000Z,55.289853,25.729417,29,4860
2019-06-01T14:39:28.000Z,55.290213,25.729705,29,4870
2019-06-01T14:39:35.000Z,55.290577,25.729993,29,4890
2019-06-01T14:39:47.000Z,55.2913,25.730568,29,4890
2019-06-01T14:39:52.000Z,55.29160200000001,25.730808,29,4900
2019-06-01T14:40:05.000Z,55.292383,25.731428,29,4880
2019-06-01T14:40:10.000Z,55.292685,25.731667,29,4880
2019-06-01T14:40:16.000Z,55.293105,25.732,29,4890
2019-06-01T14:40:23.000Z,55.29346500000001,25.732287,29,4860
2019-06-01T14:40:28.000Z,55.293823,25.732572,29,4880
2019-06-01T14:40:35.000Z,55.29418199999999,25.73286,29,4840
2019-06-01T14:40:40.000Z,55.294538,25.733147,29,4840
2019-06-01T14:40:47.000Z,55.294895,25.733435,29,4810
2019-06-01T14:40:52.000Z,55.29525200000001,25.733723,29,4800
2019-06-01T14:40:59.000Z,55.295605,25.734013,29,4800
2019-06-01T14:41:10.000Z,55.296315,25.734593,29,4780
2019-06-01T14:41:16.000Z,55.29661,25.734837,29,4780
2019-06-01T14:41:23.000Z,55.297022,25.735177,29,4790
2019-06-01T14:41:28.000Z,55.297318,25.735418,29,4800
2019-06-01T14:41:34.000Z,55.297673,25.735708,29,4800
2019-06-01T14:41:40.000Z,55.298088,25.736047,29,4830
2019-06-01T14:41:46.000Z,55.298445,25.736337,29,4830
2019-06-01T14:41:52.000Z,55.298803,25.736625,29,4840
2019-06-01T14:42:10.000Z,55.29982,25.737438,28,4870
2019-06-01T14:42:16.000Z,55.30018000000001,25.737725,28,4870
2019-06-01T14:42:22.000Z,55.3006,25.738058,28,4880
2019-06-01T14:42:28.000Z,55.300902,25.738295,28,4880
2019-06-01T14:42:34.000Z,55.301262,25.73858,28,4900
2019-06-01T14:42:40.000Z,55.301623,25.738862,28,4890
2019-06-01T14:42:46.000Z,55.301987,25.739142,28,4920
2019-06-01T14:42:52.000Z,55.30240799999999,25.73947,28,4890
2019-06-01T14:43:05.000Z,55.303127,25.740037,29,4890
2019-06-01T14:43:10.000Z,55.303485,25.740323,29,4880
2019-06-01T14:43:16.000Z,55.303783,25.74056,29,4860
2019-06-01T14:43:22.000Z,55.3042,25.740895,29,4860
2019-06-01T14:43:28.000Z,55.30455500000001,25.741183,28,4830
2019-06-01T14:43:34.000Z,55.30485,25.741422,28,4840
2019-06-01T14:43:40.000Z,55.30520300000001,25.74171,28,4830
2019-06-01T14:43:52.000Z,55.305972,25.742333,28,4830
2019-06-01T14:44:10.000Z,55.307042,25.743193,28,4850
2019-06-01T14:44:16.000Z,55.30734,25.743432,28,4860
2019-06-01T14:44:22.000Z,55.307757,25.743765,28,4860
2019-06-01T14:44:28.000Z,55.308053,25.744003,28,4870
2019-06-01T14:44:34.000Z,55.308412,25.74429,28,4880
2019-06-01T14:44:40.000Z,55.30876800000001,25.744575,28,4870
2019-06-01T14:44:46.000Z,55.309127,25.74486,28,4880
2019-06-01T14:44:52.000Z,55.30948299999999,25.745147,28,4860
2019-06-01T14:45:11.000Z,55.31055,25.746022,28,4870
2019-06-01T14:45:16.000Z,55.31090500000001,25.746308,28,4870
2019-06-01T14:45:23.000Z,55.311322,25.746643,28,4840
2019-06-01T14:45:37.000Z,55.312037,25.747217000000006,28,4840
2019-06-01T14:46:12.000Z,55.313757,25.748602,28,4820
2019-06-01T14:46:36.000Z,55.315537,25.750032,28,4840
2019-06-01T14:46:45.000Z,55.31589200000001,25.750315,28,4870
2019-06-01T14:46:54.000Z,55.316665,25.75093,28,4860
2019-06-01T14:47:24.000Z,55.318035,25.752027,28,4850
2019-06-01T14:47:41.000Z,55.31947,25.75318,28,4820
2019-06-01T14:47:48.000Z,55.319832,25.75347,28,4840
2019-06-01T14:48:02.000Z,55.320673,25.754143,29,4880
2019-06-01T14:48:13.000Z,55.320977,25.754383,29,4880
2019-06-01T14:48:32.000Z,55.322447,25.755533,29,4930
2019-06-01T14:48:49.000Z,55.32361700000001,25.756443,29,4950
2019-06-01T14:48:54.000Z,55.32392700000001,25.756682,29,4970
2019-06-01T14:49:00.000Z,55.324297,25.756968,29,4940
2019-06-01T14:49:06.000Z,55.32460500000001,25.757207,29,4960
2019-06-01T14:49:41.000Z,55.326827,25.758923,29,4910
2019-06-01T14:49:48.000Z,55.327257,25.759258,29,4920
2019-06-01T14:49:53.000Z,55.327625,25.759547,29,4900
2019-06-01T14:49:59.000Z,55.327993000000006,25.759835,29,4920
2019-06-01T14:50:04.000Z,55.328302,25.760073,29,4930
2019-06-01T14:50:16.000Z,55.329042,25.760647,29,4940
2019-06-01T14:50:23.000Z,55.329535,25.761028,29,4940
2019-06-01T14:50:40.000Z,55.33058000000001,25.761847,29,4900
2019-06-01T14:50:47.000Z,55.33100699999999,25.762183,29,4900
2019-06-01T14:50:53.000Z,55.331313,25.762425,29,4900
2019-06-01T14:50:59.000Z,55.33174200000001,25.762763,29,4910
2019-06-01T14:51:04.000Z,55.332048,25.763003,29,4910
2019-06-01T14:51:10.000Z,55.33241500000001,25.763292,29,4920
2019-06-01T14:51:16.000Z,55.33272,25.76353,29,4930
2019-06-01T14:51:23.000Z,55.333148,25.763865,29,4920
2019-06-01T14:51:28.000Z,55.33345500000001,25.764103,29,4930
2019-06-01T14:51:34.000Z,55.333822,25.76439,29,4920
2019-06-01T14:51:40.000Z,55.334188,25.764677,29,4930
2019-06-01T14:51:48.000Z,55.334618000000006,25.765012,29,4920
2019-06-01T14:51:59.000Z,55.33535500000001,25.765587,29,4930
2019-06-01T14:52:04.000Z,55.335663,25.765827,29,4930
2019-06-01T14:52:28.000Z,55.33714000000001,25.766972,29,4940
2019-06-01T14:52:34.000Z,55.33750799999999,25.767258,29,4930
2019-06-01T14:52:40.000Z,55.337877,25.767543,29,4930
2019-06-01T14:52:47.000Z,55.33830699999999,25.767878,29,4930
2019-06-01T14:52:53.000Z,55.338735,25.768213,29,4930
2019-06-01T14:52:59.000Z,55.339042000000006,25.768452,29,4930
2019-06-01T14:53:05.000Z,55.33941,25.76874,29,4930
2019-06-01T14:53:23.000Z,55.340575,25.769647,29,4940
2019-06-01T14:53:35.000Z,55.34125,25.770173,29,4930
2019-06-01T14:54:06.000Z,55.342713,25.771320000000006,29,4910
2019-06-01T14:54:10.000Z,55.34301800000001,25.77156,29,4920
2019-06-01T14:54:29.000Z,55.344545,25.772757,29,4930
2019-06-01T14:54:34.000Z,55.344853,25.772997,29,4930
2019-06-01T14:54:40.000Z,55.345222,25.773283,29,4920
2019-06-01T14:54:47.000Z,55.345652,25.773618,29,4940
2019-06-01T14:54:53.000Z,55.34602,25.773907,29,4930
2019-06-01T14:54:59.000Z,55.346388,25.774193,29,4930
2019-06-01T14:55:04.000Z,55.346695,25.774433,29,4930
2019-06-01T14:55:10.000Z,55.347063,25.774722,29,4930
2019-06-01T14:55:16.000Z,55.347432,25.775008,29,4930
2019-06-01T14:55:23.000Z,55.34786,25.775345,29,4920
2019-06-01T14:55:29.000Z,55.34823000000001,25.77563,29,4930
2019-06-01T14:55:34.000Z,55.348597,25.775920000000006,29,4910
2019-06-01T14:55:41.000Z,55.34896,25.776213,29,4930
2019-06-01T14:55:47.000Z,55.349387,25.776552,29,4920
2019-06-01T14:55:53.000Z,55.349753,25.776842,29,4920
2019-06-01T14:55:59.000Z,55.35005699999999,25.777082,29,4920
2019-06-01T14:56:04.000Z,55.350422,25.77737,29,4910
2019-06-01T14:56:11.000Z,55.350787,25.777658,29,4920
2019-06-01T14:56:16.000Z,55.35115,25.777945000000006,29,4910
2019-06-01T14:56:23.000Z,55.351517,25.778233,29,4930
2019-06-01T14:56:29.000Z,55.351882,25.778518,29,4930
2019-06-01T14:56:34.000Z,55.352187,25.778755,29,4930
2019-06-01T14:56:40.000Z,55.352613,25.779088,29,4940
2019-06-01T14:56:53.000Z,55.353345,25.779658,29,4930
2019-06-01T14:57:04.000Z,55.354013,25.780182,29,4910
2019-06-01T14:57:16.000Z,55.354742,25.780755,29,4900
2019-06-01T14:57:23.000Z,55.355165,25.781088,29,4880
2019-06-01T14:57:29.000Z,55.355528,25.781377,29,4880
2019-06-01T14:57:34.000Z,55.35583000000001,25.781617,29,4880
2019-06-01T14:57:40.000Z,55.35619300000001,25.781905,29,4870
2019-06-01T14:57:53.000Z,55.35697800000001,25.78253,29,4870
2019-06-01T14:57:59.000Z,55.357402,25.782867,29,4880
2019-06-01T14:58:04.000Z,55.357705,25.783108,29,4890
2019-06-01T14:58:13.000Z,55.358068,25.783395,29,4890
2019-06-01T14:58:23.000Z,55.358797,25.783972,29,4900
2019-06-01T14:58:28.000Z,55.359162,25.78426,29,4910
2019-06-01T14:58:40.000Z,55.35989,25.784835,29,4920
2019-06-01T14:58:46.000Z,55.360195,25.785073,29,4920
2019-06-01T14:58:53.000Z,55.360622,25.785408,29,4920
2019-06-01T14:58:59.000Z,55.360985,25.785695,29,4930
2019-06-01T14:59:05.000Z,55.361352,25.78598,29,4940
2019-06-01T14:59:10.000Z,55.361655000000006,25.786218,29,4930
2019-06-01T14:59:28.000Z,55.36281500000001,25.787123,29,4940
2019-06-01T14:59:35.000Z,55.36318000000001,25.787408,29,4920
2019-06-01T14:59:40.000Z,55.363487,25.787645,29,4930
2019-06-01T14:59:46.000Z,55.36385300000001,25.787932,29,4920
2019-06-01T14:59:54.000Z,55.364282,25.788265,29,4910
2019-06-01T14:59:59.000Z,55.364648,25.788552,29,4910
2019-06-01T15:00:05.000Z,55.365015,25.78884,29,4900
2019-06-01T15:00:10.000Z,55.36532,25.789078,29,4910
2019-06-01T15:00:17.000Z,55.365745,25.789413,29,4910
2019-06-01T15:00:23.000Z,55.366112,25.7897,29,4910
2019-06-01T15:00:35.000Z,55.366477,25.789987,29,4920
2019-06-01T15:00:40.000Z,55.366903,25.790322,29,4920
2019-06-01T15:00:44.000Z,55.367208,25.790558,29,4930
2019-06-01T15:00:55.000Z,55.368,25.791178,29,4930
2019-06-01T15:01:21.000Z,55.369397,25.792268,29,4940
2019-06-01T15:01:36.000Z,55.370127,25.792838,29,4940
2019-06-01T15:01:51.000Z,55.37116,25.793645,29,4940
2019-06-01T15:02:06.000Z,55.372315,25.79455,29,4910
2019-06-01T15:02:19.000Z,55.373045,25.795125,29,4900
2019-06-01T15:02:24.000Z,55.37341,25.795413,29,4890
2019-06-01T15:02:49.000Z,55.374805,25.796522,29,4880
2019-06-01T15:03:01.000Z,55.375652,25.797195,29,4890
2019-06-01T15:03:19.000Z,55.376752,25.798047,29,4970
2019-06-01T15:03:30.000Z,55.377058,25.798282,29,5000
2019-06-01T15:03:40.000Z,55.377858,25.798887,29,5010
2019-06-01T15:03:53.000Z,55.37884200000001,25.79963,29,5010
2019-06-01T15:04:05.000Z,55.379637,25.800238,29,4970
2019-06-01T15:04:11.000Z,55.38000200000001,25.800518,29,4960
2019-06-01T15:04:17.000Z,55.38036500000001,25.800802,29,4940
2019-06-01T15:04:23.000Z,55.380727,25.801083,29,4930
2019-06-01T15:04:29.000Z,55.381088,25.801367000000006,29,4920
2019-06-01T15:04:35.000Z,55.381448,25.80165,29,4910
2019-06-01T15:04:40.000Z,55.38180799999999,25.801933,29,4890
2019-06-01T15:04:46.000Z,55.382108,25.80217,29,4890
2019-06-01T15:04:59.000Z,55.382888,25.802787,29,4880
2019-06-01T15:05:05.000Z,55.383247,25.803072,29,4880
2019-06-01T15:05:11.000Z,55.383607,25.803357,29,4890
2019-06-01T15:05:17.000Z,55.38396700000001,25.80364,29,4910
2019-06-01T15:05:29.000Z,55.384628,25.80416,29,4910
2019-06-01T15:05:40.000Z,55.385112,25.804537,29,4920
2019-06-01T15:05:53.000Z,55.38614000000001,25.80534,29,4930
2019-06-01T15:05:59.000Z,55.38650300000001,25.805622,29,4950
2019-06-01T15:06:05.000Z,55.38686800000001,25.805907,29,4940
2019-06-01T15:06:23.000Z,55.38796,25.806752,29,4960
2019-06-01T15:06:29.000Z,55.388323,25.807033,29,4940
2019-06-01T15:06:34.000Z,55.388687,25.807315,29,4950
2019-06-01T15:06:42.000Z,55.389048,25.807597,29,4950
2019-06-01T15:06:46.000Z,55.389352,25.80783,29,4950
2019-06-01T15:06:59.000Z,55.390138,25.808442000000007,29,4960
2019-06-01T15:07:05.000Z,55.390503,25.808723,29,4940
2019-06-01T15:07:17.000Z,55.391232,25.809292000000006,29,4940
2019-06-01T15:07:23.000Z,55.391597,25.809578,29,4920
2019-06-01T15:07:29.000Z,55.391965,25.809863,29,4950
2019-06-01T15:07:34.000Z,55.392332,25.81015,29,4910
2019-06-01T15:07:40.000Z,55.392638,25.81039,29,4940
2019-06-01T15:07:53.000Z,55.393435,25.811012,29,4930
2019-06-01T15:07:59.000Z,55.39380500000001,25.811298,29,4940
2019-06-01T15:08:05.000Z,55.394175,25.811585,29,4930
2019-06-01T15:08:19.000Z,55.39491500000001,25.81216,29,4940
2019-06-01T15:08:34.000Z,55.396032,25.813027,29,4940
2019-06-01T15:08:46.000Z,55.39677800000001,25.813607,29,4940
2019-06-01T15:08:53.000Z,55.397153,25.813895,29,4950
2019-06-01T15:08:59.000Z,55.397527,25.814185,29,4930
2019-06-01T15:09:05.000Z,55.397898,25.814477,29,4940
2019-06-01T15:09:17.000Z,55.39864300000001,25.815058,29,4920
2019-06-01T15:09:29.000Z,55.39939,25.815642,29,4920
2019-06-01T15:09:34.000Z,55.399765,25.815933,29,4920
2019-06-01T15:09:46.000Z,55.400513,25.816518,29,4920
2019-06-01T15:09:53.000Z,55.400888,25.816812,29,4910
2019-06-01T15:09:59.000Z,55.401265,25.817105,29,4910
2019-06-01T15:10:05.000Z,55.401642,25.8174,29,4910
2019-06-01T15:10:13.000Z,55.40195500000001,25.817647,29,4890
2019-06-01T15:10:29.000Z,55.403145,25.818582,30,4920
2019-06-01T15:10:34.000Z,55.40351800000001,25.818873,30,4910
2019-06-01T15:10:46.000Z,55.404267,25.819458,30,4920
2019-06-01T15:10:53.000Z,55.40470300000001,25.819798,30,4930
2019-06-01T15:10:59.000Z,55.405015,25.82004,30,4930
2019-06-01T15:11:04.000Z,55.40539,25.820332,30,4940
2019-06-01T15:11:16.000Z,55.406138,25.820913,30,4950
2019-06-01T15:11:22.000Z,55.406513,25.821203,30,4960
2019-06-01T15:11:29.000Z,55.40689,25.821492000000006,30,4950
2019-06-01T15:11:35.000Z,55.407263,25.821782,30,4960
2019-06-01T15:11:41.000Z,55.407638,25.822072,30,4940
2019-06-01T15:11:46.000Z,55.408013,25.822362,30,4950
2019-06-01T15:11:53.000Z,55.40839,25.822653,30,4940
2019-06-01T15:11:59.000Z,55.408765,25.822943,30,4930
2019-06-01T15:12:16.000Z,55.409883,25.82382,30,4890
2019-06-01T15:12:22.000Z,55.410252,25.824113,30,4870
2019-06-01T15:12:29.000Z,55.41061800000001,25.824408,30,4840
2019-06-01T15:12:34.000Z,55.410982,25.824703,30,4820
2019-06-01T15:12:53.000Z,55.41206999999999,25.825598,30,4760
2019-06-01T15:12:58.000Z,55.412372,25.825848,30,4760
2019-06-01T15:13:04.000Z,55.41279300000001,25.826197,30,4760
2019-06-01T15:13:16.000Z,55.413518,25.826795,30,4790
2019-06-01T15:13:29.000Z,55.414247,25.827393,30,4790
2019-06-01T15:13:35.000Z,55.41461,25.827692000000006,29,4780
2019-06-01T15:13:47.000Z,55.415338,25.828288,29,4790
2019-06-01T15:13:53.000Z,55.415703,25.828587,29,4810
2019-06-01T15:13:58.000Z,55.416008,25.828835,29,4800
2019-06-01T15:14:04.000Z,55.416373,25.829128,29,4800
2019-06-01T15:14:11.000Z,55.4168,25.829467,29,4810
2019-06-01T15:14:22.000Z,55.417532,25.830053,29,4810
2019-06-01T15:14:29.000Z,55.417897,25.830347,29,4810
2019-06-01T15:14:34.000Z,55.418262,25.83064,29,4810
2019-06-01T15:14:41.000Z,55.418625,25.830935,29,4810
2019-06-01T15:14:53.000Z,55.419355,25.831523,29,4810
2019-06-01T15:15:11.000Z,55.42045,25.832408,29,4810
2019-06-01T15:15:16.000Z,55.42075500000001,25.832655,29,4800
2019-06-01T15:15:22.000Z,55.42111800000001,25.83295,29,4800
2019-06-01T15:15:30.000Z,55.421545,25.833297,29,4800
2019-06-01T15:15:44.000Z,55.422273,25.833892,29,4790
2019-06-01T15:16:25.000Z,55.424397,25.835625,29,4790
2019-06-01T15:16:54.000Z,55.42664300000001,25.837472,29,4820
2019-06-01T15:17:14.000Z,55.427742,25.838357,29,4850
2019-06-01T15:17:18.000Z,55.428048,25.838603,29,4830
2019-06-01T15:17:42.000Z,55.42951,25.839778,29,4840
2019-06-01T15:17:51.000Z,55.429933,25.84012,29,4810
2019-06-01T15:17:58.000Z,55.430298,25.840413,29,4830
2019-06-01T15:18:17.000Z,55.431755,25.841593,29,4810
2019-06-01T15:18:23.000Z,55.43212,25.841887,29,4820
2019-06-01T15:18:28.000Z,55.432485,25.842183,29,4810
2019-06-01T15:18:40.000Z,55.433215,25.842775,29,4810
2019-06-01T15:18:47.000Z,55.433580000000006,25.84307,29,4810
2019-06-01T15:19:12.000Z,55.435037,25.844257,29,4820
2019-06-01T15:19:16.000Z,55.435338,25.844502,29,4790
2019-06-01T15:19:22.000Z,55.435762,25.84485,29,4800
2019-06-01T15:19:36.000Z,55.436483,25.845443,29,4790
2019-06-01T15:19:40.000Z,55.436785,25.845693,29,4790
2019-06-01T15:19:47.000Z,55.437207,25.84604,29,4780
2019-06-01T15:19:58.000Z,55.437872,25.846587,29,4780
2019-06-01T15:20:11.000Z,55.438658,25.847232,29,4790
2019-06-01T15:20:23.000Z,55.439387,25.847825,29,4810
2019-06-01T15:20:34.000Z,55.44005500000001,25.848370000000006,29,4820
2019-06-01T15:20:40.000Z,55.440482,25.848713,29,4820
2019-06-01T15:20:47.000Z,55.440845,25.849007,30,4840
2019-06-01T15:20:53.000Z,55.441212,25.8493,30,4840
2019-06-01T15:20:58.000Z,55.441577,25.849593,30,4850
2019-06-01T15:21:11.000Z,55.442312,25.850177,30,4850
2019-06-01T15:21:16.000Z,55.44261700000001,25.85042,30,4860
2019-06-01T15:21:23.000Z,55.443047,25.850762,30,4860
2019-06-01T15:21:34.000Z,55.44378,25.851343,29,4850
2019-06-01T15:21:40.000Z,55.444087,25.851588,29,4850
2019-06-01T15:21:47.000Z,55.444513,25.85193,30,4840
2019-06-01T15:21:53.000Z,55.44488000000001,25.852223,30,4830
2019-06-01T15:21:58.000Z,55.445185,25.852468,30,4830
2019-06-01T15:22:04.000Z,55.445548,25.852763,30,4810
2019-06-01T15:22:16.000Z,55.446277,25.853353,30,4810
2019-06-01T15:22:23.000Z,55.4467,25.8537,30,4800
2019-06-01T15:22:28.000Z,55.447005,25.853945,30,4810
2019-06-01T15:22:34.000Z,55.447428,25.854292,30,4790
2019-06-01T15:22:40.000Z,55.44773000000001,25.854538,29,4810
2019-06-01T15:22:54.000Z,55.448458,25.85513,29,4810
2019-06-01T15:23:06.000Z,55.449247,25.855772,29,4810
2019-06-01T15:23:23.000Z,55.450342000000006,25.856658,29,4810
2019-06-01T15:23:28.000Z,55.450707,25.856953,29,4810
2019-06-01T15:23:36.000Z,55.45107,25.85725,29,4810
2019-06-01T15:23:41.000Z,55.451435,25.857545,29,4800
2019-06-01T15:23:54.000Z,55.452102,25.858088,29,4810
2019-06-01T15:24:05.000Z,55.452888,25.85873,29,4810
2019-06-01T15:24:10.000Z,55.45319,25.858977,29,4780
2019-06-01T15:24:16.000Z,55.453613,25.859322,29,4830
2019-06-01T15:24:23.000Z,55.453977,25.85962,29,4770
2019-06-01T15:24:41.000Z,55.45506500000001,25.860508,29,4800
2019-06-01T15:24:52.000Z,55.45573,25.861048,29,4800
2019-06-01T15:25:06.000Z,55.456518,25.861687,29,4820
2019-06-01T15:25:17.000Z,55.457185,25.862227,29,4830
2019-06-01T15:25:34.000Z,55.45828,25.863108,29,4830
2019-06-01T15:25:41.000Z,55.458765,25.8635,29,4860
2019-06-01T15:25:52.000Z,55.459435,25.864035,29,4850
2019-06-01T15:25:58.000Z,55.4598,25.864328,29,4830
2019-06-01T15:26:05.000Z,55.460227,25.86467,29,4850
2019-06-01T15:26:10.000Z,55.46046800000001,25.864862,29,4850
2019-06-01T15:26:16.000Z,55.460895,25.865203,29,4850
2019-06-01T15:26:22.000Z,55.461262,25.865495000000006,29,4860
2019-06-01T15:26:29.000Z,55.461687,25.865835,29,4830
2019-06-01T15:26:34.000Z,55.461992,25.86608,29,4850
2019-06-01T15:26:41.000Z,55.462357,25.866372,29,4840
2019-06-01T15:26:52.000Z,55.463027,25.866908,29,4820
2019-06-01T15:27:05.000Z,55.463815,25.867543,29,4820
2019-06-01T15:27:24.000Z,55.464907,25.868425,29,4800
2019-06-01T15:27:35.000Z,55.465572,25.868963,29,4800
2019-06-01T15:27:41.000Z,55.46599499999999,25.869308,29,4820
2019-06-01T15:27:53.000Z,55.46671800000001,25.869897,29,4820
2019-06-01T15:27:58.000Z,55.467023,25.87014,29,4830
2019-06-01T15:28:04.000Z,55.467385,25.870435,29,4800
2019-06-01T15:28:16.000Z,55.468173,25.871072,29,4830
2019-06-01T15:28:34.000Z,55.469267,25.871952,29,4830
2019-06-01T15:28:41.000Z,55.469632,25.872247,29,4810
2019-06-01T15:28:59.000Z,55.470727,25.87313,29,4820
2019-06-01T15:29:10.000Z,55.471395,25.873673,29,4830
2019-06-01T15:29:16.000Z,55.47182,25.874018,29,4810
2019-06-01T15:29:22.000Z,55.472185,25.874313,29,4830
2019-06-01T15:29:28.000Z,55.472488,25.874558,29,4810
2019-06-01T15:29:34.000Z,55.47285,25.874853,29,4810
2019-06-01T15:29:41.000Z,55.473275,25.875197,29,4800
2019-06-01T15:29:58.000Z,55.47430500000001,25.876032,29,4800
2019-06-01T15:30:04.000Z,55.47467,25.876325,29,4850
2019-06-01T15:30:11.000Z,55.475095,25.876668,29,4810
2019-06-01T15:30:16.000Z,55.475398,25.876913,29,4850
2019-06-01T15:30:22.000Z,55.475763,25.877207,29,4830
2019-06-01T15:30:28.000Z,55.476128,25.8775,29,4840
2019-06-01T15:30:34.000Z,55.47649499999999,25.877793,29,4840
2019-06-01T15:30:41.000Z,55.47685799999999,25.878085,29,4850
2019-06-01T15:30:47.000Z,55.477347,25.878475,29,4840
2019-06-01T15:31:04.000Z,55.478378,25.879303,29,4830
2019-06-01T15:31:11.000Z,55.478805,25.879645,29,4820
2019-06-01T15:31:28.000Z,55.47946999999999,25.880185,29,4820
2019-06-01T15:31:39.000Z,55.480197,25.880772,29,4820
2019-06-01T15:32:04.000Z,55.481955000000006,25.882195,29,4810
2019-06-01T15:32:17.000Z,55.482745,25.88283,29,4820
2019-06-01T15:32:22.000Z,55.483108,25.883125,29,4810
2019-06-01T15:32:28.000Z,55.483412,25.883368,29,4830
2019-06-01T15:32:35.000Z,55.483835,25.883712,29,4800
2019-06-01T15:32:41.000Z,55.4842,25.884005,29,4820
2019-06-01T15:32:47.000Z,55.484563,25.884298,29,4810
2019-06-01T15:32:58.000Z,55.48523,25.884835,29,4810
2019-06-01T15:33:05.000Z,55.485652,25.885178,29,4820
2019-06-01T15:33:22.000Z,55.486743,25.88606,29,4830
2019-06-01T15:33:51.000Z,55.48819200000001,25.887232,29,4820
2019-06-01T15:33:59.000Z,55.48885300000001,25.88777,29,4830
2019-06-01T15:34:05.000Z,55.489275,25.888112,29,4780
2019-06-01T15:34:11.000Z,55.489635,25.888405,29,4800
2019-06-01T15:34:17.000Z,55.48999499999999,25.888698,29,4790
2019-06-01T15:34:23.000Z,55.490353000000006,25.888992,29,4780
2019-06-01T15:34:29.000Z,55.490713,25.889285,29,4790
2019-06-01T15:34:35.000Z,55.491072,25.88958,29,4740
2019-06-01T15:34:58.000Z,55.492447,25.89071,29,4840
2019-06-01T15:35:12.000Z,55.493247,25.891332,29,4930
2019-06-01T15:35:41.000Z,55.495162,25.892707,29,5310
2019-06-01T15:35:53.000Z,55.496023,25.893263,29,5510
2019-06-01T15:36:05.000Z,55.496838,25.893758,29,5660
2019-06-01T15:36:11.000Z,55.497182,25.893958,29,5710
2019-06-01T15:36:17.000Z,55.497598,25.894187,29,5770
2019-06-01T15:36:29.000Z,55.498430000000006,25.894647,29,5850
2019-06-01T15:36:35.000Z,55.498848,25.894875,29,5860
2019-06-01T15:36:47.000Z,55.499683,25.89533,29,5880
2019-06-01T15:36:53.000Z,55.50010200000001,25.895558,29,5890
2019-06-01T15:37:05.000Z,55.50093199999999,25.896017,29,5840
2019-06-01T15:37:11.000Z,55.50134499999999,25.896247,29,5810
2019-06-01T15:37:17.000Z,55.501758,25.896478,29,5820
2019-06-01T15:37:29.000Z,55.502582,25.89693,29,5820
2019-06-01T15:37:34.000Z,55.50292,25.897123,29,5760
2019-06-01T15:37:41.000Z,55.50339,25.897398000000006,29,5670
2019-06-01T15:37:47.000Z,55.50379,25.897638,29,5640
2019-06-01T15:37:53.000Z,55.504185,25.897882,29,5520
2019-06-01T15:37:58.000Z,55.504507,25.898092,29,5400
2019-06-01T15:38:05.000Z,55.504948,25.898395,29,5240
2019-06-01T15:38:11.000Z,55.50525500000001,25.898618,29,5110
2019-06-01T15:38:16.000Z,55.505675,25.898938,29,4930
2019-06-01T15:38:29.000Z,55.50637,25.899513,29,4740
2019-06-01T15:38:34.000Z,55.506713,25.899815,29,4670
2019-06-01T15:38:42.000Z,55.507107,25.900163,29,4570
2019-06-01T15:38:53.000Z,55.507702,25.900728,29,4260
2019-06-01T15:39:29.000Z,55.509588,25.902643,28,4260
2019-06-01T15:39:34.000Z,55.50986,25.902907,28,4320
2019-06-01T15:39:41.000Z,55.51025500000001,25.903257,28,4650
2019-06-01T15:39:53.000Z,55.51096999999999,25.903805,28,4990
2019-06-01T15:39:58.000Z,55.51132,25.904088,28,4760
2019-06-01T15:40:05.000Z,55.511663,25.90438,28,4650
2019-06-01T15:40:16.000Z,55.51230200000001,25.904907,28,4780
2019-06-01T15:40:29.000Z,55.51306999999999,25.905520000000006,28,4840
2019-06-01T15:40:41.000Z,55.513783,25.906087,28,4860
2019-06-01T15:40:47.000Z,55.51414200000001,25.906368,28,4900
2019-06-01T15:40:53.000Z,55.51456,25.906693,28,4920
2019-06-01T15:40:59.000Z,55.51492800000001,25.906975,28,4980
2019-06-01T15:41:05.000Z,55.515292,25.907255,28,4940
2019-06-01T15:41:10.000Z,55.515593,25.90749,28,4910
2019-06-01T15:41:29.000Z,55.516707,25.908407,28,4650
2019-06-01T15:41:53.000Z,55.518027,25.909538,28,4600
2019-06-01T15:42:05.000Z,55.518692,25.91014,28,4440
2019-06-01T15:42:23.000Z,55.51965500000001,25.911078,28,4270
2019-06-01T15:42:42.000Z,55.52059000000001,25.912053,28,4010
2019-06-01T15:42:49.000Z,55.520845,25.912327,28,4030
2019-06-01T15:43:05.000Z,55.521823,25.913363,28,4040
2019-06-01T15:43:29.000Z,55.523102,25.914738,28,4000
2019-06-01T15:43:41.000Z,55.523665,25.915347,29,4000
2019-06-01T15:43:46.000Z,55.523975,25.915678,29,4010
2019-06-01T15:43:52.000Z,55.524287,25.91601,29,4040
2019-06-01T15:43:59.000Z,55.52465,25.916397,29,4020
2019-06-01T15:44:05.000Z,55.52490699999999,25.916673,29,3990
2019-06-01T15:44:11.000Z,55.52521700000001,25.917007,29,4000
2019-06-01T15:44:17.000Z,55.525527,25.917342,29,3980
2019-06-01T15:44:23.000Z,55.525837,25.917673,29,4020
2019-06-01T15:44:34.000Z,55.526405,25.91828,29,4040
2019-06-01T15:44:41.000Z,55.526768,25.918665,29,4030
2019-06-01T15:44:46.000Z,55.527025,25.918942,29,4030
2019-06-01T15:44:59.000Z,55.527695,25.919663,29,3960
2019-06-01T15:45:10.000Z,55.528255,25.920285,29,3910
2019-06-01T15:45:17.000Z,55.528617,25.92068,29,3980
2019-06-01T15:45:23.000Z,55.528935,25.921012,29,4120
2019-06-01T15:46:17.000Z,55.531312,25.923208,29,4610
2019-06-01T15:46:54.000Z,55.534142,25.9256,29,4700
2019-06-01T15:47:05.000Z,55.534847,25.926198,29,4640
2019-06-01T15:47:11.000Z,55.535198,25.9265,29,4640
2019-06-01T15:47:17.000Z,55.535547,25.926803,29,4580
2019-06-01T15:47:22.000Z,55.535835,25.927058,29,4570
2019-06-01T15:47:29.000Z,55.53624,25.927415,29,4520
2019-06-01T15:47:34.000Z,55.536523,25.927675,29,4480
2019-06-01T15:47:40.000Z,55.53686800000001,25.927982,29,4530
2019-06-01T15:47:47.000Z,55.53726999999999,25.928342,29,4500
2019-06-01T15:47:57.000Z,55.537617,25.928648000000006,29,4580
2019-06-01T15:48:02.000Z,55.537967,25.928953,29,4580
2019-06-01T15:48:08.000Z,55.538258,25.929205,29,4620
2019-06-01T15:48:22.000Z,55.539383,25.930153,29,4730
2019-06-01T15:48:29.000Z,55.539803000000006,25.9305,29,4730
2019-06-01T15:48:34.000Z,55.540108,25.930748,29,4780
2019-06-01T15:48:40.000Z,55.540475,25.931045,29,4790
2019-06-01T15:48:47.000Z,55.54084,25.93134,29,4840
2019-06-01T15:48:53.000Z,55.54120500000001,25.931632,29,4840
2019-06-01T15:48:59.000Z,55.54156800000001,25.931922,29,4850
2019-06-01T15:49:04.000Z,55.541932,25.93221,29,4870
2019-06-01T15:49:10.000Z,55.542292,25.9325,29,4820
2019-06-01T15:49:17.000Z,55.542652,25.93279,29,4830
2019-06-01T15:49:22.000Z,55.54295,25.933033,29,4770
2019-06-01T15:49:29.000Z,55.543367,25.933378,29,4760
2019-06-01T15:49:34.000Z,55.543663,25.933625,29,4730
2019-06-01T15:49:41.000Z,55.54402,25.933922,29,4710
2019-06-01T15:49:47.000Z,55.544437,25.934268,29,4710
2019-06-01T15:49:53.000Z,55.544792,25.934567,29,4700
2019-06-01T15:50:04.000Z,55.545445,25.935115,29,4670
2019-06-01T15:50:11.000Z,55.54586,25.935465,29,4690
2019-06-01T15:50:17.000Z,55.546215,25.935765,29,4660
2019-06-01T15:50:22.000Z,55.546507,25.936017,29,4630
2019-06-01T15:50:29.000Z,55.54691800000001,25.936367,29,4660
2019-06-01T15:50:34.000Z,55.547213,25.936617,29,4660
2019-06-01T15:50:47.000Z,55.547918,25.937213,29,4740
2019-06-01T15:50:53.000Z,55.548385,25.937605,29,4780
2019-06-01T15:50:59.000Z,55.548743,25.937897,29,4810
2019-06-01T15:51:11.000Z,55.549407,25.938425,29,4880
2019-06-01T15:51:16.000Z,55.549772,25.938713,29,4900
2019-06-01T15:51:22.000Z,55.550077,25.938952,29,4920
2019-06-01T15:51:34.000Z,55.550878,25.939567,29,4960
2019-06-01T15:51:47.000Z,55.55161999999999,25.940137,29,4960
2019-06-01T15:51:53.000Z,55.551988,25.940418,29,4940
2019-06-01T15:51:58.000Z,55.552295,25.940655,29,4940
2019-06-01T15:52:04.000Z,55.552725,25.940988,29,4930
2019-06-01T15:52:13.000Z,55.55309200000001,25.941273,29,4930
2019-06-01T15:52:23.000Z,55.55382700000001,25.941843,29,4910
2019-06-01T15:52:28.000Z,55.55413000000001,25.942082,29,4890
2019-06-01T15:52:34.000Z,55.554495,25.942367,29,4890
2019-06-01T15:52:40.000Z,55.554857,25.942655,29,4850
2019-06-01T15:52:53.000Z,55.55564,25.94328,29,4820
2019-06-01T15:53:04.000Z,55.5563,25.943812,29,4810
2019-06-01T15:53:16.000Z,55.55702,25.94439,29,4820
2019-06-01T15:53:39.000Z,55.558158,25.945308,29,4810
2019-06-01T15:53:44.000Z,55.558522,25.945597,29,4860
2019-06-01T15:53:50.000Z,55.558885,25.945885,29,4840
2019-06-01T15:53:56.000Z,55.559248,25.946175,29,4880
2019-06-01T15:54:20.000Z,55.5607,25.947322,29,4880
2019-06-01T15:54:27.000Z,55.561062,25.947608,29,4860
2019-06-01T15:54:35.000Z,55.561717,25.948132,29,4830
2019-06-01T15:54:41.000Z,55.562073,25.94842,29,4820
2019-06-01T15:54:53.000Z,55.56285,25.949048,29,4820
2019-06-01T15:54:58.000Z,55.563148,25.949288,29,4820
2019-06-01T15:55:05.000Z,55.563565,25.949628,29,4800
2019-06-01T15:55:11.000Z,55.563923,25.949918,29,4810
2019-06-01T15:55:16.000Z,55.564222,25.950162,29,4780
2019-06-01T15:55:23.000Z,55.564637,25.9505,29,4790
2019-06-01T15:55:28.000Z,55.56499300000001,25.950792,29,4780
2019-06-01T15:55:34.000Z,55.56529200000001,25.951032,29,4810
2019-06-01T15:55:53.000Z,55.566425,25.951948,29,4810
2019-06-01T15:56:11.000Z,55.567498,25.952807,29,4830
2019-06-01T15:56:16.000Z,55.567857,25.95309,29,4860
2019-06-01T15:56:23.000Z,55.568215,25.953373000000006,29,4850
2019-06-01T15:56:28.000Z,55.568572,25.953658,29,4860
2019-06-01T15:56:35.000Z,55.568932,25.953938,29,4870
2019-06-01T15:56:42.000Z,55.56929,25.954218,29,4860
2019-06-01T15:56:52.000Z,55.56995,25.954735,29,4870
2019-06-01T15:57:05.000Z,55.57073000000001,25.955353,29,4860
2019-06-01T15:57:11.000Z,55.571088,25.955638,29,4860
2019-06-01T15:57:23.000Z,55.571808,25.956212,29,4850
2019-06-01T15:57:29.000Z,55.57216800000001,25.956498,29,4850
2019-06-01T15:57:35.000Z,55.572527,25.956785,29,4840
2019-06-01T15:57:41.000Z,55.572885,25.957073,29,4830
2019-06-01T15:57:46.000Z,55.57318299999999,25.957312,29,4830
2019-06-01T15:57:52.000Z,55.573542,25.9576,29,4810
2019-06-01T15:58:05.000Z,55.574312,25.958227,29,4780
2019-06-01T15:58:11.000Z,55.574665,25.958517,29,4780
2019-06-01T15:58:17.000Z,55.57496,25.95876,29,4770
2019-06-01T15:58:23.000Z,55.575373,25.959098,29,4770
2019-06-01T15:58:28.000Z,55.575727,25.95939,29,4750
2019-06-01T15:58:34.000Z,55.57608199999999,25.959682,29,4770
2019-06-01T15:58:41.000Z,55.576435,25.959975,29,4740
2019-06-01T15:58:46.000Z,55.57679,25.960267,29,4770
2019-06-01T15:58:52.000Z,55.577145,25.960557,29,4760
2019-06-01T15:59:10.000Z,55.57785300000001,25.961135,29,4790
2019-06-01T15:59:23.000Z,55.57892,25.961998,29,4830
2019-06-01T15:59:29.000Z,55.579275,25.962283,29,4840
2019-06-01T15:59:34.000Z,55.579632,25.962568,29,4850
2019-06-01T15:59:41.000Z,55.57999,25.962852,29,4860
2019-06-01T15:59:46.000Z,55.580347,25.963137,29,4860
2019-06-01T16:00:11.000Z,55.581782,25.964268,28,4890
2019-06-01T16:00:16.000Z,55.58214200000001,25.964552,28,4890
2019-06-01T16:00:23.000Z,55.58250200000001,25.964832,28,4910
2019-06-01T16:00:29.000Z,55.582862,25.965112,28,4900
2019-06-01T16:00:34.000Z,55.583222,25.965392,28,4920
2019-06-01T16:00:41.000Z,55.58358199999999,25.965672,28,4910
2019-06-01T16:00:47.000Z,55.58388000000001,25.965905,28,4910
2019-06-01T16:00:52.000Z,55.58424,25.966185,28,4900
2019-06-01T16:01:16.000Z,55.585722,25.967357,28,4830
2019-06-01T16:01:23.000Z,55.586133,25.967688,28,4810
2019-06-01T16:01:29.000Z,55.586425,25.967925,28,4780
2019-06-01T16:01:34.000Z,55.586775,25.968212,28,4780
2019-06-01T16:01:41.000Z,55.587123,25.968498,28,4740
2019-06-01T16:01:46.000Z,55.587465,25.96878,28,4760
2019-06-01T16:01:52.000Z,55.587748,25.969015,28,4730
2019-06-01T16:01:59.000Z,55.588148,25.969348,28,4740
2019-06-01T16:02:04.000Z,55.588437,25.969588,28,4710
2019-06-01T16:02:11.000Z,55.58884200000001,25.969927,28,4720
2019-06-01T16:02:16.000Z,55.589192,25.970217,28,4700
2019-06-01T16:02:23.000Z,55.589542,25.970508,28,4730
2019-06-01T16:02:29.000Z,55.589892000000006,25.970798,28,4740
2019-06-01T16:02:35.000Z,55.59024300000001,25.971088,28,4760
2019-06-01T16:02:41.000Z,55.59059300000001,25.971377,28,4780
2019-06-01T16:02:47.000Z,55.590945,25.971663,28,4800
2019-06-01T16:02:52.000Z,55.59124,25.971902,28,4810
2019-06-01T16:03:04.000Z,55.59195,25.972473,28,4840
2019-06-01T16:03:17.000Z,55.592723,25.973095,28,4840
2019-06-01T16:03:23.000Z,55.59308000000001,25.973383,28,4830
2019-06-01T16:03:29.000Z,55.593497,25.97372,28,4850
2019-06-01T16:03:35.000Z,55.59385500000001,25.974007,28,4840
2019-06-01T16:04:00.000Z,55.595288,25.975148,28,4850
2019-06-01T16:04:04.000Z,55.595525,25.975335,28,4860
2019-06-01T16:04:25.000Z,55.59665699999999,25.976228,28,4850
2019-06-01T16:04:41.000Z,55.597723,25.977088,28,4790
2019-06-01T16:04:53.000Z,55.59842800000001,25.977663,28,4750
2019-06-01T16:04:59.000Z,55.59878000000001,25.977953,28,4750
2019-06-01T16:05:04.000Z,55.59907,25.978195,28,4730
2019-06-01T16:05:18.000Z,55.599825,25.978827,29,4710
2019-06-01T16:05:24.000Z,55.600172,25.97912,29,4690
2019-06-01T16:05:29.000Z,55.60052,25.979412,29,4720
2019-06-01T16:05:35.000Z,55.60086800000001,25.979703,29,4700
2019-06-01T16:05:41.000Z,55.601218,25.979993,29,4740
2019-06-01T16:05:46.000Z,55.60151,25.980237,29,4720
2019-06-01T16:05:53.000Z,55.60191999999999,25.980573,29,4780
2019-06-01T16:05:59.000Z,55.602333,25.98091,29,4760
2019-06-01T16:06:17.000Z,55.603402,25.981772,29,4840
2019-06-01T16:06:22.000Z,55.6037,25.982008,29,4830
2019-06-01T16:06:29.000Z,55.604057,25.982293,29,4850
2019-06-01T16:06:35.000Z,55.604478,25.982627,29,4850
2019-06-01T16:06:41.000Z,55.60478199999999,25.982863,29,4850
2019-06-01T16:06:46.000Z,55.60514000000001,25.983148,29,4850
2019-06-01T16:06:53.000Z,55.6055,25.983433,28,4870
2019-06-01T16:06:59.000Z,55.605858,25.983717,28,4860
2019-06-01T16:07:06.000Z,55.606157,25.983952,28,4870
2019-06-01T16:07:11.000Z,55.606573,25.984283,28,4860
2019-06-01T16:07:17.000Z,55.60693000000001,25.984565,28,4860
2019-06-01T16:07:22.000Z,55.607228000000006,25.9848,28,4860
2019-06-01T16:07:29.000Z,55.607643,25.985132,28,4850
2019-06-01T16:07:35.000Z,55.608,25.985417,28,4850
2019-06-01T16:07:41.000Z,55.608355,25.9857,29,4840
2019-06-01T16:07:47.000Z,55.60871,25.985985,28,4830
2019-06-01T16:07:59.000Z,55.60941999999999,25.986557,29,4830
2019-06-01T16:08:11.000Z,55.610137,25.987128,29,4840
2019-06-01T16:08:17.000Z,55.61049300000001,25.987412,29,4840
2019-06-01T16:08:22.000Z,55.61079,25.987652,29,4830
2019-06-01T16:08:41.000Z,55.611918,25.988555,29,4820
2019-06-01T16:08:53.000Z,55.612627,25.989128,29,4800
2019-06-01T16:08:59.000Z,55.61298000000001,25.989415,29,4810
2019-06-01T16:09:04.000Z,55.613277,25.989653,29,4820
2019-06-01T16:09:22.000Z,55.614402,25.990565,29,4790
2019-06-01T16:09:29.000Z,55.614757,25.990855,29,4790
2019-06-01T16:09:41.000Z,55.615465,25.991435,29,4770
2019-06-01T16:09:47.000Z,55.61581999999999,25.991727,29,4770
2019-06-01T16:09:59.000Z,55.61653,25.99231,29,4760
2019-06-01T16:10:04.000Z,55.616827,25.992552,29,4760
2019-06-01T16:10:12.000Z,55.61724200000001,25.992892,29,4750
2019-06-01T16:10:17.000Z,55.617597,25.993185,29,4750
2019-06-01T16:10:22.000Z,55.617893,25.993428,29,4740
2019-06-01T16:10:29.000Z,55.618308,25.99377,29,4750
2019-06-01T16:10:35.000Z,55.618665,25.994062,29,4760
2019-06-01T16:10:41.000Z,55.619023,25.994355,29,4760
2019-06-01T16:11:08.000Z,55.62045,25.995522,29,4780
2019-06-01T16:11:23.000Z,55.62116500000001,25.996103,29,4800
2019-06-01T16:12:01.000Z,55.623675,25.998148,29,4930
2019-06-01T16:12:36.000Z,55.625928,25.999798,29,5240
2019-06-01T16:12:40.000Z,55.62625,26.000020000000006,29,5290
2019-06-01T16:12:53.000Z,55.627095,26.000578,29,5420
2019-06-01T16:12:58.000Z,55.627423,26.000788,29,5440
2019-06-01T16:13:04.000Z,55.62781999999999,26.00104,29,5490
2019-06-01T16:13:17.000Z,55.628615,26.001535,29,5550
2019-06-01T16:13:41.000Z,55.630278,26.002522,29,5510
2019-06-01T16:13:53.000Z,55.631135,26.003053,29,5480
2019-06-01T16:13:58.000Z,55.631463,26.003262,29,5470
2019-06-01T16:14:04.000Z,55.631857,26.003513,29,5460
2019-06-01T16:14:11.000Z,55.632248,26.003767,29,5420
2019-06-01T16:14:16.000Z,55.632638,26.00402,29,5430
2019-06-01T16:14:28.000Z,55.633417,26.004532,29,5390
2019-06-01T16:14:35.000Z,55.633805,26.004788,29,5380
2019-06-01T16:14:40.000Z,55.634128,26.005003,29,5370
2019-06-01T16:14:47.000Z,55.63458000000001,26.005305,29,5370
2019-06-01T16:14:55.000Z,55.634967,26.005562,29,5380
2019-06-01T16:15:05.000Z,55.63574200000001,26.006075,29,5390
2019-06-01T16:15:16.000Z,55.63645500000001,26.00654,29,5410
2019-06-01T16:15:23.000Z,55.63691,26.006833,29,5420
2019-06-01T16:15:28.000Z,55.637235,26.00704,29,5440
2019-06-01T16:15:38.000Z,55.637692,26.007332,29,5450
2019-06-01T16:15:53.000Z,55.638475,26.007832,29,5460
2019-06-01T16:16:24.000Z,55.64081700000001,26.009357,29,5450
2019-06-01T16:16:29.000Z,55.641207,26.009608,29,5460
2019-06-01T16:16:37.000Z,55.641597,26.00986,29,5450
2019-06-01T16:16:47.000Z,55.642377,26.010367,29,5430
2019-06-01T16:16:53.000Z,55.642767000000006,26.010622,29,5440
2019-06-01T16:16:58.000Z,55.64315500000001,26.010873,29,5420
2019-06-01T16:17:04.000Z,55.64354300000001,26.011128,29,5430
2019-06-01T16:17:16.000Z,55.644257,26.011592,29,5430
2019-06-01T16:17:23.000Z,55.64471,26.011887,29,5420
2019-06-01T16:17:35.000Z,55.645488,26.012392,29,5430
2019-06-01T16:17:40.000Z,55.645813,26.012602,29,5430
2019-06-01T16:17:47.000Z,55.646267,26.012895,29,5440
2019-06-01T16:18:29.000Z,55.648918,26.014617,29,5410
2019-06-01T16:18:35.000Z,55.649447,26.014958,29,5390
2019-06-01T16:18:40.000Z,55.649775,26.01517,29,5380
2019-06-01T16:18:47.000Z,55.650163,26.015425,29,5370
2019-06-01T16:18:59.000Z,55.65100500000001,26.015978,29,5370
2019-06-01T16:19:04.000Z,55.651327,26.01619,29,5380
2019-06-01T16:19:11.000Z,55.651713,26.016445,29,5380
2019-06-01T16:19:16.000Z,55.6521,26.0167,29,5380
2019-06-01T16:19:22.000Z,55.652487,26.016953,29,5380
2019-06-01T16:19:29.000Z,55.652872,26.017207,29,5380
2019-06-01T16:19:35.000Z,55.653258,26.01746,29,5390
2019-06-01T16:19:40.000Z,55.65364,26.01771,29,5390
2019-06-01T16:19:47.000Z,55.654027,26.017962,29,5400
2019-06-01T16:19:53.000Z,55.654413,26.018215,29,5400
2019-06-01T16:19:59.000Z,55.6548,26.018468,29,5400
2019-06-01T16:20:05.000Z,55.65512,26.018678,29,5410
2019-06-01T16:20:16.000Z,55.655893000000006,26.019185,29,5410
2019-06-01T16:20:22.000Z,55.65628,26.019437,29,5410
2019-06-01T16:20:29.000Z,55.65666700000001,26.019688,29,5420
2019-06-01T16:20:40.000Z,55.65744,26.020192,29,5430
2019-06-01T16:20:47.000Z,55.65789300000001,26.020483,29,5440
2019-06-01T16:20:53.000Z,55.658283,26.020735,29,5440
2019-06-01T16:20:59.000Z,55.658673,26.020985,29,5460
2019-06-01T16:21:04.000Z,55.658998,26.021193,29,5450
2019-06-01T16:21:16.000Z,55.65984200000001,26.021732,28,5460
2019-06-01T16:21:22.000Z,55.66023199999999,26.02198,28,5480
2019-06-01T16:21:28.000Z,55.660623,26.022228,28,5470
2019-06-01T16:21:35.000Z,55.661017,26.022472,28,5470
2019-06-01T16:21:40.000Z,55.661412,26.022717,28,5480
2019-06-01T16:22:04.000Z,55.66294,26.023717,28,5430
2019-06-01T16:22:16.000Z,55.66370799999999,26.024218,29,5400
2019-06-01T16:22:22.000Z,55.664027,26.024428,29,5370
2019-06-01T16:22:28.000Z,55.66441,26.024682,29,5360
2019-06-01T16:22:35.000Z,55.664857,26.02498,29,5340
2019-06-01T16:22:40.000Z,55.66524,26.025235,29,5330
2019-06-01T16:22:47.000Z,55.665623,26.02549,29,5320
2019-06-01T16:22:52.000Z,55.665942,26.025705,29,5310
2019-06-01T16:22:59.000Z,55.666388,26.026003,29,5310
2019-06-01T16:23:04.000Z,55.666707,26.026218,28,5300
2019-06-01T16:23:10.000Z,55.66715,26.026518,28,5300
2019-06-01T16:23:16.000Z,55.66746800000001,26.026733,29,5310
2019-06-01T16:23:28.000Z,55.66823,26.027247,28,5330
2019-06-01T16:23:35.000Z,55.668675,26.027545,28,5350
2019-06-01T16:23:41.000Z,55.669057,26.027802,28,5350
2019-06-01T16:23:47.000Z,55.66944,26.028058,29,5360
2019-06-01T16:23:52.000Z,55.669822,26.028312,29,5380
2019-06-01T16:23:58.000Z,55.670208,26.028563,28,5460
2019-06-01T16:24:04.000Z,55.670597,26.028807,29,5500
2019-06-01T16:24:13.000Z,55.67098000000001,26.029053,28,5440
2019-06-01T16:24:24.000Z,55.671743000000006,26.029557,28,5320
2019-06-01T16:24:36.000Z,55.672502,26.03007,28,5220
2019-06-01T16:24:41.000Z,55.672877,26.030338,28,5130
2019-06-01T16:24:47.000Z,55.673245,26.030605,28,5070
2019-06-01T16:25:13.000Z,55.674635,26.031732,28,4610
2019-06-01T16:25:24.000Z,55.675238,26.032275,28,4430
2019-06-01T16:25:41.000Z,55.67624300000001,26.03325,28,4220
2019-06-01T16:25:47.000Z,55.676502,26.033512,28,4180
2019-06-01T16:25:52.000Z,55.676812,26.033828,28,4150
2019-06-01T16:26:04.000Z,55.677437,26.034457,28,4230
2019-06-01T16:26:22.000Z,55.678428,26.03545,28,4160
2019-06-01T16:26:28.000Z,55.678735,26.035767,28,4100
2019-06-01T16:26:41.000Z,55.679337,26.036408,28,4000
2019-06-01T16:26:53.000Z,55.679913,26.037068,28,3820
2019-06-01T16:27:05.000Z,55.68046800000001,26.037742,28,3610
2019-06-01T16:27:11.000Z,55.680738,26.03808,28,3540
2019-06-01T16:27:16.000Z,55.681002,26.038423,28,3440
2019-06-01T16:27:23.000Z,55.681263,26.038772,28,3410
2019-06-01T16:27:41.000Z,55.68203000000001,26.039828,28,3250
2019-06-01T16:27:47.000Z,55.682282,26.040183,28,3230
2019-06-01T16:27:53.000Z,55.68253299999999,26.04054,28,3220
2019-06-01T16:27:58.000Z,55.68274,26.040838,28,3190
2019-06-01T16:28:04.000Z,55.68299,26.041197,28,3200
2019-06-01T16:28:11.000Z,55.683283,26.041615,28,3230
2019-06-01T16:28:16.000Z,55.683492,26.041913,28,3230
2019-06-01T16:28:23.000Z,55.683787,26.04233,28,3260
2019-06-01T16:28:29.000Z,55.68404200000001,26.042687,28,3310
2019-06-01T16:28:35.000Z,55.684303,26.04304,28,3350
2019-06-01T16:28:41.000Z,55.68460500000001,26.043453,28,3330
2019-06-01T16:28:53.000Z,55.68511700000001,26.044167,28,3280
2019-06-01T16:29:00.000Z,55.68533000000001,26.044465,28,3250
2019-06-01T16:29:06.000Z,55.685582,26.044823,28,3230
2019-06-01T16:29:16.000Z,55.686038,26.045485,28,3150
2019-06-01T16:29:23.000Z,55.686323,26.04591,28,3100
2019-06-01T16:29:29.000Z,55.68656800000001,26.046273,28,3070
2019-06-01T16:29:53.000Z,55.687527,26.047747,28,2970
2019-06-01T16:30:05.000Z,55.688,26.048488,28,2960
