timestamp,longitude,latitude,speed,direction
2019-11-01T20:50:11.000Z,55.054228,24.983563,23,7110
2019-11-01T20:56:52.000Z,55.054172,24.983608,7,7620
2019-11-01T20:57:11.000Z,55.05430500000001,24.983448000000006,7,23980
2019-11-01T21:00:52.000Z,55.054175,24.983618,4,25420
2019-11-01T21:03:21.000Z,55.05435799999999,24.983357,12,23670
2019-11-01T21:04:11.000Z,55.054238,24.983498,6,22150
2019-11-01T21:12:22.000Z,55.05410799999999,24.98352,14,23520
2019-11-01T21:20:52.000Z,55.054168,24.983525,1,17260
2019-11-01T21:30:31.000Z,55.05414200000001,24.983547,0,20770
2019-11-01T21:37:41.000Z,55.054235,24.983487,0,22180
2019-11-01T21:39:11.000Z,55.054143,24.983653,13,22940
2019-11-01T21:46:53.000Z,55.054112,24.983728,2,14780
2019-11-01T21:47:11.000Z,55.054248,24.9836,15,13460
2019-11-01T21:47:30.000Z,55.054095,24.983765,3,19180
2019-11-01T21:47:50.000Z,55.054213,24.983345,5,15750
2019-11-01T21:48:11.000Z,55.054125,24.983495,9,17810
2019-11-01T21:53:22.000Z,55.054147,24.983568,12,27300
2019-11-01T21:58:40.000Z,55.054072,24.983482,5,8210
2019-11-01T21:59:51.000Z,55.053985,24.983685,2,32720
2019-11-01T22:00:12.000Z,55.05416500000001,24.983482,17,6350
2019-11-01T22:01:01.000Z,55.05405699999999,24.983667,2,23590
2019-11-01T22:06:02.000Z,55.054115,24.98356,15,29770
2019-11-01T22:08:01.000Z,55.053985,24.983717,10,2940
2019-11-01T22:09:11.000Z,55.054085,24.983563,22,6820
2019-11-01T22:14:31.000Z,55.05425699999999,24.983448000000006,7,15480
2019-11-01T22:15:00.000Z,55.054093,24.983605,7,7170
2019-11-01T22:15:42.000Z,55.054155,24.983435,8,20430
2019-11-01T22:21:50.000Z,55.054172,24.983585,14,16130
2019-11-01T22:30:11.000Z,55.054138,24.983582,2,31200
2019-11-01T22:35:32.000Z,55.05416700000001,24.983538,0,16490
2019-11-01T22:39:53.000Z,55.054397,24.983155,9,23940
2019-11-01T22:40:53.000Z,55.054265,24.98345,7,5190
2019-11-01T22:42:34.000Z,55.054362,24.983245,5,24940
2019-11-01T22:45:10.000Z,55.054247,24.983435,12,16780
2019-11-01T22:46:29.000Z,55.054127,24.983563,16,25450
2019-11-01T22:46:51.000Z,55.0543,24.983378,15,15610
2019-11-01T22:50:30.000Z,55.054177,24.98351,0,18290
2019-11-01T22:52:54.000Z,55.054443000000006,24.98323,22,24130
2019-11-01T22:53:04.000Z,55.054287,24.983373,22,7320
2019-11-01T22:55:04.000Z,55.054178,24.983518,6,16640
2019-11-01T22:59:04.000Z,55.054018000000006,24.9837,2,33540
2019-11-01T22:59:54.000Z,55.054217,24.98355,15,17200
2019-11-01T23:06:44.000Z,55.054147,24.983507,1,13280
2019-11-01T23:11:54.000Z,55.054152,24.983542,7,12640
2019-11-01T23:17:13.000Z,55.05419300000001,24.983518,13,13400
2019-11-01T23:24:54.000Z,55.054225,24.98352,22,10230
2019-11-01T23:27:24.000Z,55.054028,24.983593,7,15360
2019-11-01T23:28:12.000Z,55.054173,24.983483,11,23060
2019-11-01T23:28:54.000Z,55.054375,24.983285,4,9520
2019-11-01T23:29:23.000Z,55.054377,24.983478,4,9520
2019-11-01T23:33:07.000Z,55.05419499999999,24.983542,5,13680
2019-11-01T23:41:12.000Z,55.05413299999999,24.983493,0,26870
2019-11-01T23:48:59.000Z,55.054107,24.983525,22,20880
2019-11-01T23:54:19.000Z,55.054155,24.983547,21,25930
2019-11-02T00:02:59.000Z,55.05410300000001,24.983537,9,22230
2019-11-02T00:16:40.000Z,55.054185,24.983543,5,7300
2019-11-02T00:21:59.000Z,55.054377,24.983595,1,6930
2019-11-02T00:22:59.000Z,55.054547,24.983682,0,6460
2019-11-02T00:23:28.000Z,55.054723,24.98385,1,5960
2019-11-02T00:24:59.000Z,55.05489300000001,24.98394,1,5140
2019-11-02T00:26:08.000Z,55.055058,24.984057,1,5780
2019-11-02T00:27:08.000Z,55.05524200000001,24.9842,1,5200
2019-11-02T00:27:58.000Z,55.055433,24.984358,2,4850
2019-11-02T00:28:39.000Z,55.055598,24.984527,2,4090
2019-11-02T00:29:19.000Z,55.05575500000001,24.984682,2,4410
2019-11-02T00:29:48.000Z,55.055903,24.984815,2,4840
2019-11-02T00:30:19.000Z,55.056068,24.984922,3,5840
2019-11-02T00:30:58.000Z,55.056273,24.984997,2,7060
2019-11-02T00:31:28.000Z,55.056477,24.985047,2,8720
2019-11-02T00:32:19.000Z,55.05669,24.985027,1,13910
2019-11-02T00:34:09.000Z,55.056808,24.98484,15,17830
2019-11-02T00:35:42.000Z,55.05667,24.984713,18,27650
2019-11-02T00:36:28.000Z,55.056442,24.984838,2,30600
2019-11-02T00:36:58.000Z,55.056277,24.984997,3,32220
2019-11-02T00:37:19.000Z,55.05615699999999,24.98515,3,32910
2019-11-02T00:37:38.000Z,55.05605300000001,24.985317,4,33210
2019-11-02T00:37:58.000Z,55.055937,24.985512,4,33190
2019-11-02T00:38:19.000Z,55.055832,24.98573,4,33280
2019-11-02T00:38:38.000Z,55.055723,24.985953,5,33610
2019-11-02T00:38:58.000Z,55.055587,24.986228,5,33700
2019-11-02T00:39:19.000Z,55.055462,24.986508,6,33690
2019-11-02T00:39:38.000Z,55.05534,24.986792,6,33560
2019-11-02T00:39:48.000Z,55.05526800000001,24.986948,6,33650
2019-11-02T00:39:58.000Z,55.055198,24.987132,6,33700
2019-11-02T00:40:09.000Z,55.05512,24.987315,6,33710
2019-11-02T00:40:29.000Z,55.054973,24.98763,7,33700
2019-11-02T00:40:38.000Z,55.05489300000001,24.987798,7,33820
2019-11-02T00:40:48.000Z,55.054813,24.987973,7,33760
2019-11-02T00:40:58.000Z,55.054732,24.988155,7,33740
2019-11-02T00:41:09.000Z,55.054645,24.988362,7,33760
2019-11-02T00:41:18.000Z,55.05457,24.988518,7,33710
2019-11-02T00:41:28.000Z,55.05449,24.9887,7,33810
2019-11-02T00:41:38.000Z,55.05441800000001,24.988863,7,33710
2019-11-02T00:41:49.000Z,55.05433299999999,24.989048,7,33700
2019-11-02T00:41:59.000Z,55.05424300000001,24.989265,8,33790
2019-11-02T00:42:09.000Z,55.05416,24.989463,8,33790
2019-11-02T00:42:18.000Z,55.054082,24.989648000000006,8,33790
2019-11-02T00:42:28.000Z,55.053982,24.989878,8,33700
2019-11-02T00:42:38.000Z,55.053887,24.990085,8,33680
2019-11-02T00:42:48.000Z,55.05379300000001,24.990293,8,33770
2019-11-02T00:42:58.000Z,55.05370300000001,24.9905,8,33920
2019-11-02T00:43:09.000Z,55.053608,24.990728,8,33860
2019-11-02T00:43:19.000Z,55.053527,24.990917,9,33900
2019-11-02T00:43:28.000Z,55.053438,24.991127,9,34000
2019-11-02T00:43:38.000Z,55.053355,24.99132,9,33880
2019-11-02T00:43:48.000Z,55.053252,24.991558,13,33880
2019-11-02T00:43:58.000Z,55.053152,24.99177,13,33660
2019-11-02T00:44:09.000Z,55.053047,24.99198,13,33730
2019-11-02T00:44:18.000Z,55.052943000000006,24.992188,13,33730
2019-11-02T00:44:28.000Z,55.05285500000001,24.992385,9,33880
2019-11-02T00:44:40.000Z,55.052747,24.992655,9,34000
2019-11-02T00:44:58.000Z,55.05256,24.993077,9,33830
2019-11-02T00:45:09.000Z,55.052453,24.993327,9,33730
2019-11-02T00:45:18.000Z,55.052365,24.993533,9,33960
2019-11-02T00:45:28.000Z,55.05228,24.993777,10,34060
2019-11-02T00:45:40.000Z,55.052167,24.994067,10,34020
2019-11-02T00:45:58.000Z,55.05201,24.994488,10,33960
2019-11-02T00:46:09.000Z,55.05189300000001,24.994788,10,34080
2019-11-02T00:46:18.000Z,55.051805,24.995008,10,34000
2019-11-02T00:46:28.000Z,55.051715,24.995227,10,34000
2019-11-02T00:46:40.000Z,55.051598,24.995503,10,34040
2019-11-02T00:46:58.000Z,55.051423,24.995933,10,33990
2019-11-02T00:47:09.000Z,55.051312,24.9962,10,33790
2019-11-02T00:47:19.000Z,55.051202,24.996473,10,34050
2019-11-02T00:47:28.000Z,55.05111700000001,24.9967,10,34150
2019-11-02T00:47:40.000Z,55.051003,24.997007,10,34080
2019-11-02T00:47:58.000Z,55.05083000000001,24.997462,10,34000
2019-11-02T00:48:09.000Z,55.050727,24.997742,10,34060
2019-11-02T00:48:19.000Z,55.050633,24.997997,10,34010
2019-11-02T00:48:28.000Z,55.050548,24.99823,10,34070
2019-11-02T00:48:40.000Z,55.050447,24.998515,10,34040
2019-11-02T00:48:58.000Z,55.05027,24.998987,10,34060
2019-11-02T00:49:09.000Z,55.050162,24.999277,10,33970
2019-11-02T00:49:19.000Z,55.05005,24.999563,10,33950
2019-11-02T00:49:28.000Z,55.049972,24.999775,10,33990
2019-11-02T00:49:40.000Z,55.04985300000001,25.00009,10,34040
2019-11-02T00:49:58.000Z,55.04962800000001,25.000558,11,34140
2019-11-02T00:50:09.000Z,55.049507,25.000838,11,34210
2019-11-02T00:50:20.000Z,55.04940500000001,25.001105,11,34160
2019-11-02T00:50:39.000Z,55.049212,25.001647,11,34130
2019-11-02T00:50:49.000Z,55.049113,25.001915,11,34070
2019-11-02T00:50:58.000Z,55.049025,25.002155,11,34100
2019-11-02T00:51:09.000Z,55.048925,25.002418,11,34140
2019-11-02T00:51:19.000Z,55.04881500000001,25.002705,11,34140
2019-11-02T00:51:29.000Z,55.048713,25.002967,11,34240
2019-11-02T00:51:39.000Z,55.048622,25.003237,11,34350
2019-11-02T00:51:49.000Z,55.048538,25.003482,11,34090
2019-11-02T00:51:58.000Z,55.048432,25.00375,11,34050
2019-11-02T00:52:09.000Z,55.04833000000001,25.004023,11,34130
2019-11-02T00:52:19.000Z,55.048212,25.004328,11,33900
2019-11-02T00:52:29.000Z,55.04810300000001,25.004608,11,34210
2019-11-02T00:52:39.000Z,55.047998,25.004893,12,34010
2019-11-02T00:52:49.000Z,55.047887,25.00518,12,34140
2019-11-02T00:52:58.000Z,55.047798,25.005445,12,34390
2019-11-02T00:53:09.000Z,55.047685,25.005772,12,34050
2019-11-02T00:53:19.000Z,55.04756500000001,25.006063,12,33930
2019-11-02T00:53:30.000Z,55.047445,25.006358,12,34030
2019-11-02T00:53:49.000Z,55.047222,25.006952,12,33950
2019-11-02T00:53:58.000Z,55.047102,25.007255,12,33930
2019-11-02T00:54:09.000Z,55.046967,25.00759,12,34010
2019-11-02T00:54:18.000Z,55.046873,25.007838,12,34010
2019-11-02T00:54:29.000Z,55.046735,25.008178,13,33870
2019-11-02T00:54:39.000Z,55.04660300000001,25.008492,13,33950
2019-11-02T00:54:50.000Z,55.04646,25.00884,13,33780
2019-11-02T00:55:09.000Z,55.046165,25.009508,13,33860
2019-11-02T00:55:18.000Z,55.046055,25.009768,13,33860
2019-11-02T00:55:30.000Z,55.045895,25.010158,13,33980
2019-11-02T00:55:49.000Z,55.045638,25.010787,14,33950
2019-11-02T00:55:58.000Z,55.04551800000001,25.011087,14,33950
2019-11-02T00:56:10.000Z,55.04536,25.011452,14,33790
2019-11-02T00:56:30.000Z,55.045077,25.01212,14,33820
2019-11-02T00:56:49.000Z,55.044792,25.012798,14,33910
2019-11-02T00:56:58.000Z,55.04467800000001,25.013073,14,33920
2019-11-02T00:57:10.000Z,55.04451,25.013487,14,33930
2019-11-02T00:57:29.000Z,55.044222,25.01418,14,33930
2019-11-02T00:57:39.000Z,55.044077,25.014528,14,33890
2019-11-02T00:57:50.000Z,55.04393,25.014877,14,33880
2019-11-02T00:58:10.000Z,55.043622,25.015572,14,33710
2019-11-02T00:58:29.000Z,55.04329499999999,25.016258,15,33810
2019-11-02T00:58:39.000Z,55.043148,25.01661,14,34090
2019-11-02T00:58:49.000Z,55.043032,25.016987,15,34120
2019-11-02T00:58:58.000Z,55.042927,25.017272,15,34000
2019-11-02T00:59:10.000Z,55.042762,25.017698,15,33970
2019-11-02T00:59:30.000Z,55.04247700000001,25.018405,15,33980
2019-11-02T00:59:40.000Z,55.04235300000001,25.018728,15,34010
2019-11-02T00:59:58.000Z,55.04209,25.019417,15,34020
2019-11-02T01:00:09.000Z,55.04190500000001,25.01989,15,33970
2019-11-02T01:00:18.000Z,55.04179,25.020182,15,33960
2019-11-02T01:00:30.000Z,55.04162,25.020617,15,34000
2019-11-02T01:00:49.000Z,55.041347,25.02129,15,34180
2019-11-02T01:00:59.000Z,55.041222,25.021615,15,34150
2019-11-02T01:01:10.000Z,55.041065,25.022012,15,34180
2019-11-02T01:01:30.000Z,55.040787,25.022743,15,34170
2019-11-02T01:01:49.000Z,55.04051,25.023487,15,34100
2019-11-02T01:01:58.000Z,55.040385,25.02382,15,34250
2019-11-02T01:02:09.000Z,55.040245,25.024233,15,34230
2019-11-02T01:02:19.000Z,55.040103,25.024607,15,34050
2019-11-02T01:02:28.000Z,55.039982,25.024903,15,33920
2019-11-02T01:02:39.000Z,55.039782,25.025338,15,33720
2019-11-02T01:02:50.000Z,55.03961500000001,25.025703,15,33760
2019-11-02T01:03:09.000Z,55.03929,25.026433,15,33810
2019-11-02T01:03:19.000Z,55.039123,25.0268,15,33700
2019-11-02T01:03:28.000Z,55.03899499999999,25.027095000000006,15,33930
2019-11-02T01:03:39.000Z,55.038813,25.027542,15,33830
2019-11-02T01:03:49.000Z,55.03865,25.027912,15,33830
2019-11-02T01:03:58.000Z,55.03850300000001,25.028245,15,33760
2019-11-02T01:04:09.000Z,55.038315,25.028648,15,33630
2019-11-02T01:04:19.000Z,55.03814000000001,25.029008,15,33540
2019-11-02T01:04:27.000Z,55.03799300000001,25.02929,15,33390
2019-11-02T01:04:39.000Z,55.037763,25.029708,15,33270
2019-11-02T01:04:50.000Z,55.03756,25.030045,15,32900
2019-11-02T01:05:10.000Z,55.037075,25.030712,15,32550
2019-11-02T01:05:28.000Z,55.036638,25.031265,15,32270
2019-11-02T01:05:39.000Z,55.036357,25.031588,14,31920
2019-11-02T01:05:49.000Z,55.036083,25.031865,14,31780
2019-11-02T01:05:59.000Z,55.035845,25.032120000000006,14,31970
2019-11-02T01:06:09.000Z,55.035538,25.032417,14,31330
2019-11-02T01:06:19.000Z,55.035248,25.032672,14,31470
2019-11-02T01:06:28.000Z,55.035022,25.032878,14,31370
2019-11-02T01:06:40.000Z,55.034667000000006,25.033178,14,31300
2019-11-02T01:06:59.000Z,55.03409300000001,25.0337,14,31430
2019-11-02T01:07:10.000Z,55.03380500000001,25.033963,14,31510
2019-11-02T01:07:28.000Z,55.03328199999999,25.034445,15,31400
2019-11-02T01:07:39.000Z,55.0329,25.034788,15,31390
2019-11-02T01:07:48.000Z,55.032662,25.034997,15,31340
2019-11-02T01:07:59.000Z,55.032332,25.035287,15,31440
2019-11-02T01:08:09.000Z,55.032033,25.035552,15,31360
2019-11-02T01:08:19.000Z,55.031733,25.035817,15,31420
2019-11-02T01:08:28.000Z,55.031463,25.036062,15,31470
2019-11-02T01:08:39.000Z,55.031128,25.036362,15,31430
2019-11-02T01:08:48.000Z,55.030852,25.03661,15,31490
2019-11-02T01:08:59.000Z,55.03050699999999,25.036912,15,31450
2019-11-02T01:09:10.000Z,55.030227,25.037157,15,31480
2019-11-02T01:09:28.000Z,55.029642,25.037682,15,31390
2019-11-02T01:09:40.000Z,55.029277,25.038012,15,31500
2019-11-02T01:09:59.000Z,55.028698,25.038535,15,31460
2019-11-02T01:10:10.000Z,55.02836,25.038837,15,31480
2019-11-02T01:10:30.000Z,55.02770699999999,25.039408,15,31480
2019-11-02T01:10:49.000Z,55.027107,25.039928,15,31430
2019-11-02T01:10:59.000Z,55.026782,25.040193,15,31360
2019-11-02T01:11:09.000Z,55.02650300000001,25.04044,15,31460
2019-11-02T01:11:19.000Z,55.026165,25.040747,15,31450
2019-11-02T01:11:30.000Z,55.025843,25.04102,15,31360
2019-11-02T01:11:50.000Z,55.02521,25.041575,15,31290
2019-11-02T01:12:10.000Z,55.024607,25.042105,15,31330
2019-11-02T01:12:30.000Z,55.023938,25.042692,16,31340
2019-11-02T01:12:50.000Z,55.023272,25.043288,16,31390
2019-11-02T01:13:08.000Z,55.02265300000001,25.043837,16,31340
2019-11-02T01:13:19.000Z,55.022322,25.044128,16,31370
2019-11-02T01:13:29.000Z,55.021987,25.044417000000006,17,31410
2019-11-02T01:13:39.000Z,55.021683,25.044685,17,31420
2019-11-02T01:13:51.000Z,55.02131,25.045018,17,31420
2019-11-02T01:14:09.000Z,55.020652,25.045595,17,31240
2019-11-02T01:14:19.000Z,55.02026800000001,25.045937,17,31480
2019-11-02T01:14:30.000Z,55.019928,25.04626,17,31620
2019-11-02T01:14:49.000Z,55.019235,25.046908,17,31550
2019-11-02T01:14:58.000Z,55.018952,25.047168,17,31550
2019-11-02T01:15:09.000Z,55.018557,25.047523,18,31560
2019-11-02T01:15:19.000Z,55.01812,25.047913,18,31540
2019-11-02T01:15:29.000Z,55.017753000000006,25.048238,18,31550
2019-11-02T01:15:39.000Z,55.017458,25.048502,18,31570
2019-11-02T01:15:49.000Z,55.017055000000006,25.048868,18,31550
2019-11-02T01:15:58.000Z,55.016723,25.04917,18,31570
2019-11-02T01:16:10.000Z,55.01631999999999,25.049542,18,31570
2019-11-02T01:16:28.000Z,55.015617000000006,25.050185,18,31570
2019-11-02T01:16:39.000Z,55.015292,25.050535,19,31450
2019-11-02T01:16:50.000Z,55.014887,25.05091,19,31450
2019-11-02T01:17:09.000Z,55.014173,25.051563,19,31450
2019-11-02T01:17:19.000Z,55.013757,25.051938,19,31500
2019-11-02T01:17:28.000Z,55.013445,25.052203,19,31550
2019-11-02T01:17:39.000Z,55.01302,25.052573,19,31530
2019-11-02T01:17:50.000Z,55.012567,25.052987,19,31480
2019-11-02T01:18:09.000Z,55.011843000000006,25.053645,19,31490
2019-11-02T01:18:19.000Z,55.011458,25.053993,19,31440
2019-11-02T01:18:28.000Z,55.011112,25.054307,19,31480
2019-11-02T01:18:38.000Z,55.010725,25.054653,19,31440
2019-11-02T01:18:49.000Z,55.010302,25.055037,19,31510
2019-11-02T01:18:58.000Z,55.009958,25.055353,19,31480
2019-11-02T01:19:09.000Z,55.009573,25.055703,19,31500
2019-11-02T01:19:19.000Z,55.00915,25.056093,19,31480
2019-11-02T01:19:28.000Z,55.008798,25.056408,19,31450
2019-11-02T01:19:38.000Z,55.008408,25.056765,20,31470
2019-11-02T01:19:50.000Z,55.007975,25.057153,20,31400
2019-11-02T01:20:09.000Z,55.00723000000001,25.057832,20,31430
2019-11-02T01:20:20.000Z,55.006758,25.058258,20,31500
2019-11-02T01:20:30.000Z,55.006367,25.058615,20,31490
2019-11-02T01:20:50.000Z,55.005582,25.05933,20,31490
2019-11-02T01:21:09.000Z,55.004833,25.060012,20,31470
2019-11-02T01:21:18.000Z,55.00448000000001,25.060335,20,31470
2019-11-02T01:21:29.000Z,55.00404200000001,25.060733,20,31470
2019-11-02T01:21:40.000Z,55.003683,25.06106,20,31470
2019-11-02T01:21:50.000Z,55.00324499999999,25.06146,20,31480
2019-11-02T01:22:09.000Z,55.002483,25.062142,20,31390
2019-11-02T01:22:18.000Z,55.00212,25.062462,20,31430
2019-11-02T01:22:30.000Z,55.00164300000001,25.062893,20,31470
2019-11-02T01:22:50.000Z,55.00081,25.063657,20,31420
2019-11-02T01:23:09.000Z,55.000083,25.064325,20,31420
2019-11-02T01:23:19.000Z,54.999678,25.064692,20,31500
2019-11-02T01:23:30.000Z,54.999237,25.065093,20,31490
2019-11-02T01:23:50.000Z,54.998433,25.065822,20,31510
2019-11-02T01:24:08.000Z,54.997675,25.066515,20,31490
2019-11-02T01:24:18.000Z,54.997315,25.066835,20,31450
2019-11-02T01:24:29.000Z,54.996872,25.067228,20,31470
2019-11-02T01:24:39.000Z,54.996463,25.067597,20,31470
2019-11-02T01:24:49.000Z,54.99601,25.068,21,31420
2019-11-02T01:24:58.000Z,54.99568000000001,25.068297,21,31500
2019-11-02T01:25:08.000Z,54.99526700000001,25.06867,21,31430
2019-11-02T01:25:18.000Z,54.99481,25.069082,21,31490
2019-11-02T01:25:29.000Z,54.994347,25.069513,21,31480
2019-11-02T01:25:39.000Z,54.993925,25.069902,21,31510
2019-11-02T01:25:49.000Z,54.99351,25.070292,21,31510
2019-11-02T01:25:58.000Z,54.99313000000001,25.070635,21,31420
2019-11-02T01:26:09.000Z,54.992663,25.071055,21,31460
2019-11-02T01:26:18.000Z,54.992282,25.071398,21,31440
2019-11-02T01:26:29.000Z,54.991813,25.071818,21,31480
2019-11-02T01:26:39.000Z,54.991428000000006,25.072163,21,31400
2019-11-02T01:26:49.000Z,54.990998,25.072543,21,31450
2019-11-02T01:26:58.000Z,54.99061800000001,25.072892,21,31540
2019-11-02T01:27:09.000Z,54.990153,25.073323,21,31520
2019-11-02T01:27:18.000Z,54.989773,25.073677,22,31580
2019-11-02T01:27:29.000Z,54.989305,25.074103,21,31300
2019-11-02T01:27:39.000Z,54.988862,25.074478,21,31340
2019-11-02T01:27:49.000Z,54.988382,25.074902,21,31360
2019-11-02T01:27:59.000Z,54.98798000000001,25.075238,21,31240
2019-11-02T01:28:09.000Z,54.987502,25.075658,22,31470
2019-11-02T01:28:19.000Z,54.987107,25.076003,22,31280
2019-11-02T01:28:29.000Z,54.986625,25.076427,22,31500
2019-11-02T01:28:49.000Z,54.985788,25.077157,22,31230
2019-11-02T01:28:59.000Z,54.9853,25.077577,22,31400
2019-11-02T01:29:09.000Z,54.98486,25.077963,22,31400
2019-11-02T01:29:18.000Z,54.984462,25.07831,22,31390
2019-11-02T01:29:29.000Z,54.98402,25.078698000000006,22,31350
2019-11-02T01:29:38.000Z,54.983575,25.079085,22,31350
2019-11-02T01:29:49.000Z,54.983127,25.07948,22,31350
2019-11-02T01:29:59.000Z,54.982697,25.07985,22,31260
2019-11-02T01:30:08.000Z,54.982292,25.0802,22,31340
2019-11-02T01:30:19.000Z,54.981748,25.08067,22,31330
2019-11-02T01:30:29.000Z,54.981292,25.081067,22,31420
2019-11-02T01:30:38.000Z,54.980893,25.081427,22,31430
2019-11-02T01:30:49.000Z,54.980383,25.081865,22,31270
2019-11-02T01:30:59.000Z,54.979922,25.082258,22,31370
2019-11-02T01:31:08.000Z,54.979517,25.082608,22,31320
2019-11-02T01:31:19.000Z,54.97906700000001,25.082993,22,31320
2019-11-02T01:31:29.000Z,54.978577,25.083413,22,31370
2019-11-02T01:31:38.000Z,54.978173,25.08376,22,31310
2019-11-02T01:31:49.000Z,54.977727,25.084153,22,31400
2019-11-02T01:31:59.000Z,54.97728299999999,25.084552,22,31420
2019-11-02T01:32:08.000Z,54.97688,25.084905,22,31370
2019-11-02T01:32:18.000Z,54.976387,25.085338,22,31390
2019-11-02T01:32:29.000Z,54.97578299999999,25.085873,22,31300
2019-11-02T01:32:39.000Z,54.97546,25.08615,22,31400
2019-11-02T01:32:50.000Z,54.975005,25.086535,22,31310
2019-11-02T01:33:08.000Z,54.97411700000001,25.0873,22,31360
2019-11-02T01:33:18.000Z,54.973665,25.087692,22,31350
2019-11-02T01:33:30.000Z,54.973083,25.088215,22,31350
2019-11-02T01:33:59.000Z,54.971642,25.089493,23,31380
2019-11-02T01:34:08.000Z,54.971265,25.089865,23,31370
2019-11-02T01:34:19.000Z,54.970683,25.090337,23,31300
2019-11-02T01:34:29.000Z,54.97029300000001,25.090677,23,31330
2019-11-02T01:34:38.000Z,54.96989,25.091033,23,31370
2019-11-02T01:34:48.000Z,54.969398,25.091413,23,31380
2019-11-02T01:34:59.000Z,54.968965,25.091792,23,31410
2019-11-02T01:35:08.000Z,54.968557,25.092155,23,31450
2019-11-02T01:35:19.000Z,54.967997,25.092652,23,31350
2019-11-02T01:35:29.000Z,54.967517,25.093062,23,31300
2019-11-02T01:35:39.000Z,54.967082,25.093432,24,31330
2019-11-02T01:35:48.000Z,54.966603000000006,25.093852,24,31400
2019-11-02T01:35:58.000Z,54.966125,25.094273,24,31370
2019-11-02T01:36:09.000Z,54.96564,25.094688,24,31280
2019-11-02T01:36:19.000Z,54.965115,25.095157,24,31570
2019-11-02T01:36:29.000Z,54.964652,25.095597,24,31560
2019-11-02T01:36:38.000Z,54.964225,25.095982,24,31480
2019-11-02T01:36:48.000Z,54.963755000000006,25.096418,24,31550
2019-11-02T01:36:58.000Z,54.963278,25.09685,24,31430
2019-11-02T01:37:08.000Z,54.962802,25.097282,24,31530
2019-11-02T01:37:19.000Z,54.96228000000001,25.09776,24,31460
2019-11-02T01:37:30.000Z,54.961802,25.09819,24,31490
2019-11-02T01:37:48.000Z,54.960952,25.09898,24,31470
2019-11-02T01:37:58.000Z,54.960437,25.099463,24,31550
2019-11-02T01:38:08.000Z,54.959963,25.099903,24,31450
2019-11-02T01:38:20.000Z,54.959387,25.100425,24,31470
2019-11-02T01:38:39.000Z,54.958472,25.101248,24,31550
2019-11-02T01:38:49.000Z,54.958043,25.101643,24,31480
2019-11-02T01:38:59.000Z,54.957508,25.102122,24,31460
2019-11-02T01:39:09.000Z,54.95708000000001,25.102518,24,31550
2019-11-02T01:39:18.000Z,54.956597,25.102953,24,31390
2019-11-02T01:39:29.000Z,54.956113,25.10339,24,31520
2019-11-02T01:39:39.000Z,54.955583,25.103875,24,31480
2019-11-02T01:39:48.000Z,54.9552,25.104228,24,31550
2019-11-02T01:40:00.000Z,54.95466700000001,25.10471,24,31360
2019-11-02T01:40:18.000Z,54.953685,25.105575,24,31430
2019-11-02T01:40:29.000Z,54.95314200000001,25.106048,24,31360
2019-11-02T01:40:39.000Z,54.952652,25.106485,24,31460
2019-11-02T01:40:48.000Z,54.95221,25.106877,24,31370
2019-11-02T01:40:59.000Z,54.951675,25.107357,24,31510
2019-11-02T01:41:08.000Z,54.951235,25.107748,24,31400
2019-11-02T01:41:19.000Z,54.950735,25.108177,24,31380
2019-11-02T01:41:29.000Z,54.950238,25.10861,24,31400
2019-11-02T01:41:39.000Z,54.949693,25.109082,24,31410
2019-11-02T01:41:48.000Z,54.949247,25.109468,24,31440
2019-11-02T01:41:59.000Z,54.948702,25.109947,24,31440
2019-11-02T01:42:08.000Z,54.948255,25.110338,24,31490
2019-11-02T01:42:19.000Z,54.947763,25.11077,24,31500
2019-11-02T01:42:28.000Z,54.947348,25.111157,25,31370
2019-11-02T01:42:40.000Z,54.946788,25.111625,24,31200
2019-11-02T01:43:00.000Z,54.945758,25.112507,25,31170
2019-11-02T01:43:19.000Z,54.944798,25.113312,24,31240
2019-11-02T01:43:29.000Z,54.944322,25.113708,24,31290
2019-11-02T01:44:00.000Z,54.942738,25.115055,24,31310
2019-11-02T01:44:19.000Z,54.941783,25.11586,24,31290
2019-11-02T01:44:28.000Z,54.941283,25.116285,24,31270
2019-11-02T01:44:39.000Z,54.94074300000001,25.116743,25,31250
2019-11-02T01:45:00.000Z,54.93975,25.1176,24,31300
2019-11-02T01:45:10.000Z,54.939253,25.118028,25,31340
2019-11-02T01:45:28.000Z,54.938335,25.118792000000006,25,31270
2019-11-02T01:45:38.000Z,54.93776999999999,25.119257,25,31220
2019-11-02T01:45:48.000Z,54.937265,25.119682,25,31260
2019-11-02T01:46:00.000Z,54.936653,25.120195,24,31150
2019-11-02T01:46:10.000Z,54.936185,25.12057,24,31170
2019-11-02T01:46:28.000Z,54.935245,25.121395,24,31570
2019-11-02T01:46:38.000Z,54.934763,25.12184,24,31510
2019-11-02T01:46:48.000Z,54.934275,25.122278,24,31430
2019-11-02T01:47:00.000Z,54.933737,25.122757,24,31440
2019-11-02T01:47:10.000Z,54.93324499999999,25.123188,24,31400
2019-11-02T01:47:28.000Z,54.932315,25.124013,24,31410
2019-11-02T01:47:38.000Z,54.931875,25.124405,24,31470
2019-11-02T01:47:49.000Z,54.93134000000001,25.124885,24,31430
2019-11-02T01:48:00.000Z,54.930803,25.12537,24,31550
2019-11-02T01:48:19.000Z,54.929823,25.126267,24,31520
2019-11-02T01:48:28.000Z,54.92939000000001,25.126668,24,31590
2019-11-02T01:48:38.000Z,54.92890500000001,25.12711,24,31460
2019-11-02T01:48:49.000Z,54.92837,25.127593,24,31490
2019-11-02T01:48:59.000Z,54.927882,25.128033,24,31480
2019-11-02T01:49:09.000Z,54.927402,25.12848,24,31550
2019-11-02T01:49:19.000Z,54.926915,25.128923,24,31480
2019-11-02T01:49:28.000Z,54.92648000000001,25.129322,24,31560
2019-11-02T01:49:38.000Z,54.925998,25.129767,24,31490
2019-11-02T01:49:49.000Z,54.925513,25.130207,24,31510
2019-11-02T01:49:59.000Z,54.924985,25.130693,24,31500
2019-11-02T01:50:09.000Z,54.924545,25.131088,25,31440
2019-11-02T01:50:19.000Z,54.924053,25.131527,24,31440
2019-11-02T01:50:28.000Z,54.923612,25.131923,24,31440
2019-11-02T01:50:39.000Z,54.923033,25.13245,24,31500
2019-11-02T01:50:49.000Z,54.922553,25.132897,24,31570
2019-11-02T01:51:00.000Z,54.92205799999999,25.133335,24,31460
2019-11-02T01:51:19.000Z,54.92106800000001,25.13421,24,31430
2019-11-02T01:51:28.000Z,54.920625,25.134602,24,31500
2019-11-02T01:51:39.000Z,54.920098,25.135105,24,31510
2019-11-02T01:51:49.000Z,54.919657,25.135502,24,31460
2019-11-02T01:52:09.000Z,54.918682,25.136378,24,31410
2019-11-02T01:52:19.000Z,54.918195,25.13681,24,31560
2019-11-02T01:52:40.000Z,54.917237,25.137682,24,31820
2019-11-02T01:52:59.000Z,54.916347,25.138615,24,32100
2019-11-02T01:53:08.000Z,54.915928,25.139103,24,32320
2019-11-02T01:53:18.000Z,54.91553199999999,25.139602,24,32440
2019-11-02T01:53:28.000Z,54.91515500000001,25.140115,24,32710
2019-11-02T01:53:49.000Z,54.914427,25.141218,24,33090
2019-11-02T01:53:59.000Z,54.914107,25.141758,24,33250
2019-11-02T01:54:08.000Z,54.913837,25.142258,24,33450
2019-11-02T01:54:18.000Z,54.91356,25.142825,24,33750
2019-11-02T01:54:28.000Z,54.91333,25.143338,24,33820
2019-11-02T01:54:39.000Z,54.913068,25.143968,24,34010
2019-11-02T01:54:50.000Z,54.912832,25.144602,23,34180
2019-11-02T01:55:08.000Z,54.912482,25.145702,23,34620
2019-11-02T01:55:19.000Z,54.91233199999999,25.146297,23,34870
2019-11-02T01:55:28.000Z,54.91223000000001,25.146832,23,35090
2019-11-02T01:55:50.000Z,54.91199,25.148198,23,35020
2019-11-02T01:56:08.000Z,54.91178299999999,25.14927,24,35040
2019-11-02T01:56:18.000Z,54.91168199999999,25.149867,24,35250
2019-11-02T01:56:27.000Z,54.911585,25.150462,23,35100
2019-11-02T01:56:50.000Z,54.911397,25.151715,24,35090
2019-11-02T01:57:08.000Z,54.911222,25.152848,24,35210
2019-11-02T01:57:19.000Z,54.911125,25.153448,24,35200
2019-11-02T01:57:28.000Z,54.911048,25.15399,24,35360
2019-11-02T01:57:39.000Z,54.910965,25.154653,24,35380
2019-11-02T01:57:50.000Z,54.910898,25.15532,24,35600
2019-11-02T01:58:09.000Z,54.910818000000006,25.156472,24,35780
2019-11-02T01:58:18.000Z,54.910802,25.15708,24,35960
2019-11-02T01:58:30.000Z,54.910803,25.157812,24,80
2019-11-02T01:59:09.000Z,54.91083199999999,25.160187,24,270
2019-11-02T01:59:19.000Z,54.910848,25.160733,24,330
2019-11-02T01:59:31.000Z,54.91088000000001,25.161402,24,360
2019-11-02T01:59:48.000Z,54.910978,25.162555,24,560
2019-11-02T01:59:58.000Z,54.91105200000001,25.163162,24,750
2019-11-02T02:00:09.000Z,54.91114,25.163767,24,990
2019-11-02T02:00:39.000Z,54.911483,25.165632,24,1290
2019-11-02T02:00:48.000Z,54.911603,25.166172,24,1420
2019-11-02T02:00:58.000Z,54.91175,25.166768,24,1410
2019-11-02T02:01:18.000Z,54.912083,25.167952,24,1580
2019-11-02T02:01:30.000Z,54.912303,25.168597,24,1580
2019-11-02T02:01:48.000Z,54.912685,25.169712,24,1800
2019-11-02T02:01:59.000Z,54.91291999999999,25.170352,24,1890
2019-11-02T02:02:09.000Z,54.91313,25.170938,24,1630
2019-11-02T02:02:19.000Z,54.913322,25.171463,24,1880
2019-11-02T02:02:29.000Z,54.91355,25.172043,24,1890
2019-11-02T02:02:39.000Z,54.913778,25.172623,24,2040
2019-11-02T02:02:48.000Z,54.913983,25.173143,24,1930
2019-11-02T02:03:09.000Z,54.914462,25.174358,24,2050
2019-11-02T02:03:18.000Z,54.914717,25.174992,24,1900
2019-11-02T02:03:28.000Z,54.914923,25.17551,24,2020
2019-11-02T02:03:39.000Z,54.915178,25.176148,24,1900
2019-11-02T02:03:59.000Z,54.91563000000001,25.177318,24,1850
2019-11-02T02:04:09.000Z,54.915838,25.177907,24,1750
2019-11-02T02:04:18.000Z,54.91601800000001,25.178435,24,1600
2019-11-02T02:05:40.000Z,54.9175,25.183152,24,1770
2019-11-02T02:05:59.000Z,54.917955000000006,25.184377,24,1940
2019-11-02T02:06:08.000Z,54.918162,25.184898,24,1950
2019-11-02T02:06:28.000Z,54.918637,25.18606,25,2190
2019-11-02T02:06:48.000Z,54.919123,25.187218,24,2080
2019-11-02T02:07:00.000Z,54.919387,25.187858,24,2020
2019-11-02T02:07:19.000Z,54.91981800000001,25.188905,24,2040
2019-11-02T02:07:28.000Z,54.92008000000001,25.189545000000006,24,2000
2019-11-02T02:07:39.000Z,54.92032,25.190125,24,2080
2019-11-02T02:07:59.000Z,54.920798,25.191285,24,2150
2019-11-02T02:08:09.000Z,54.921012,25.191805,24,2030
2019-11-02T02:08:18.000Z,54.92126999999999,25.192447,25,2160
2019-11-02T02:08:39.000Z,54.921765,25.193668,24,2080
2019-11-02T02:08:48.000Z,54.921973,25.194193,24,1940
2019-11-02T02:10:48.000Z,54.924745,25.201183,24,2120
2019-11-02T02:11:00.000Z,54.92502800000001,25.20188,24,2110
2019-11-02T02:11:48.000Z,54.9262,25.204652,24,2150
2019-11-02T02:12:00.000Z,54.926475,25.205282,24,2130
2019-11-02T02:12:18.000Z,54.926963,25.206373000000006,24,2080
2019-11-02T02:12:49.000Z,54.92778199999999,25.208155,24,2200
2019-11-02T02:12:59.000Z,54.928045,25.208728,24,2360
2019-11-02T02:13:49.000Z,54.929352,25.211595000000006,25,2320
2019-11-02T02:16:10.000Z,54.933062,25.219598,25,2330
2019-11-02T02:16:40.000Z,54.93387,25.221318,24,2350
2019-11-02T02:17:10.000Z,54.93466700000001,25.223035,24,2310
2019-11-02T02:17:29.000Z,54.935175,25.224120000000006,24,2190
2019-11-02T02:17:39.000Z,54.935477,25.224747,24,2350
2019-11-02T02:18:29.000Z,54.936865,25.22758,24,2320
2019-11-02T02:18:49.000Z,54.93739300000001,25.228720000000006,24,2260
2019-11-02T02:19:09.000Z,54.937915,25.229863,24,2240
2019-11-02T02:19:49.000Z,54.938948,25.232123,24,2280
2019-11-02T02:19:59.000Z,54.939207,25.232695,24,2160
2019-11-02T02:20:08.000Z,54.939443,25.233207,24,2350
2019-11-02T02:20:40.000Z,54.94024200000001,25.23491,24,2390
2019-11-02T02:21:08.000Z,54.941067,25.236607,24,2270
2019-11-02T02:21:39.000Z,54.941933,25.23836,24,2430
2019-11-02T02:21:49.000Z,54.942213,25.23893,24,2370
2019-11-02T02:22:09.000Z,54.94275,25.240005,24,2390
2019-11-02T02:22:28.000Z,54.94329499999999,25.241075,24,2510
2019-11-02T02:22:49.000Z,54.943912,25.24225,24,2430
2019-11-02T02:23:08.000Z,54.944445,25.243322,25,2500
2019-11-02T02:23:18.000Z,54.944722,25.243888,24,2250
2019-11-02T02:23:28.000Z,54.945023,25.24451,25,2400
2019-11-02T02:23:39.000Z,54.94531800000001,25.245133,24,2230
2019-11-02T02:23:49.000Z,54.945587,25.245702,24,2490
2019-11-02T02:24:09.000Z,54.946097,25.246777,24,2310
2019-11-02T02:24:49.000Z,54.94719300000001,25.249035,24,2470
2019-11-02T02:25:18.000Z,54.94801500000001,25.250667,24,2470
2019-11-02T02:25:28.000Z,54.948298,25.25123,24,2350
2019-11-02T02:25:38.000Z,54.948582,25.251792,24,2490
2019-11-02T02:25:58.000Z,54.949167,25.252977,24,2370
2019-11-02T02:26:08.000Z,54.94944,25.253543,24,2290
2019-11-02T02:26:18.000Z,54.94971700000001,25.254112,24,2500
2019-11-02T02:26:28.000Z,54.949992,25.254678,24,2250
2019-11-02T02:26:38.000Z,54.950263,25.255245,25,2420
2019-11-02T02:26:49.000Z,54.950563,25.255867,24,2290
2019-11-02T02:26:58.000Z,54.950805,25.25638,24,2240
2019-11-02T02:27:08.000Z,54.951078,25.256947,24,2420
2019-11-02T02:27:18.000Z,54.951323,25.257455,24,2330
2019-11-02T02:27:38.000Z,54.95189300000001,25.258643,24,2250
2019-11-02T02:27:48.000Z,54.952142,25.259152,24,2450
2019-11-02T02:28:28.000Z,54.95329200000001,25.261462,24,2560
2019-11-02T02:28:48.000Z,54.953872,25.262587,24,2370
2019-11-02T02:28:58.000Z,54.95416700000001,25.263148,25,2550
2019-11-02T02:29:09.000Z,54.954487,25.263768,24,2430
2019-11-02T02:29:38.000Z,54.95533199999999,25.265403,24,2420
2019-11-02T02:29:58.000Z,54.955885,25.266473,24,2420
2019-11-02T02:30:10.000Z,54.956233,25.267147,24,2450
2019-11-02T02:30:28.000Z,54.956738,25.26816,24,2380
2019-11-02T02:31:09.000Z,54.95790699999999,25.270522,24,2340
2019-11-02T02:32:09.000Z,54.959507,25.273917,25,2340
2019-11-02T02:32:38.000Z,54.960285,25.275568,24,2370
2019-11-02T02:32:50.000Z,54.96058299999999,25.276195,24,2380
2019-11-02T02:33:19.000Z,54.961402,25.277838,25,2590
2019-11-02T02:33:28.000Z,54.961693,25.278402,24,2490
2019-11-02T02:33:39.000Z,54.962012,25.279025,25,2570
2019-11-02T02:33:49.000Z,54.962307,25.279588,24,2610
2019-11-02T02:34:19.000Z,54.963197,25.281278,25,2600
2019-11-02T02:34:50.000Z,54.964073,25.282972,24,2480
2019-11-02T02:35:39.000Z,54.96550500000001,25.28575,24,2490
2019-11-02T02:35:50.000Z,54.965817,25.28637,24,2360
2019-11-02T02:36:28.000Z,54.966908,25.288575,24,2330
2019-11-02T02:36:59.000Z,54.96774300000001,25.290273000000006,24,2300
2019-11-02T02:37:08.000Z,54.968027,25.290838,25,2550
2019-11-02T02:37:19.000Z,54.968338,25.29146,24,2410
2019-11-02T02:37:59.000Z,54.969395,25.293647,24,2440
2019-11-02T02:38:08.000Z,54.969667,25.294212,24,2310
2019-11-02T02:38:18.000Z,54.969915,25.294722,24,2400
2019-11-02T02:38:59.000Z,54.971075,25.297098,24,2310
2019-11-02T02:39:09.000Z,54.97133,25.297603,24,2440
2019-11-02T02:39:18.000Z,54.97160699999999,25.29817,25,2450
2019-11-02T02:39:29.000Z,54.97189,25.298733,24,2340
2019-11-02T02:39:39.000Z,54.972167000000006,25.2993,25,2480
2019-11-02T02:39:59.000Z,54.972728,25.300428,25,2450
2019-11-02T02:40:49.000Z,54.974103,25.303267,24,2440
2019-11-02T02:41:28.000Z,54.975213,25.30553,24,2370
2019-11-02T02:41:59.000Z,54.976115,25.307285,24,2430
2019-11-02T02:42:18.000Z,54.976645,25.308308,24,2460
2019-11-02T02:42:29.000Z,54.976965,25.30893,24,2580
2019-11-02T02:42:39.000Z,54.97726,25.309495,24,2460
2019-11-02T02:42:48.000Z,54.977552,25.310058,25,2600
2019-11-02T02:43:29.000Z,54.978727,25.312322,24,2520
2019-11-02T02:43:48.000Z,54.979313,25.31345,24,2480
2019-11-02T02:43:59.000Z,54.979637,25.314068,25,2520
2019-11-02T02:44:09.000Z,54.979928,25.314632,24,2520
2019-11-02T02:44:28.000Z,54.98047800000001,25.315695,24,2430
2019-11-02T02:45:29.000Z,54.982163,25.31908,23,2300
2019-11-02T02:45:38.000Z,54.98240500000001,25.319567000000006,23,2430
2019-11-02T02:45:48.000Z,54.98267,25.320108,23,2270
2019-11-02T02:46:09.000Z,54.98321800000001,25.321233,22,2330
2019-11-02T02:46:19.000Z,54.983477,25.321762,22,2300
2019-11-02T02:46:30.000Z,54.98373,25.322292,22,2310
2019-11-02T02:47:18.000Z,54.984933,25.324848,22,2340
2019-11-02T02:47:29.000Z,54.985197,25.325417,22,2200
2019-11-02T02:48:10.000Z,54.986158,25.327447,22,2300
2019-11-02T02:49:09.000Z,54.987683,25.330442,21,2420
2019-11-02T02:50:39.000Z,54.98994,25.334835,21,2420
2019-11-02T02:50:49.000Z,54.990177,25.335327,21,2290
2019-11-02T02:51:19.000Z,54.990902,25.336842,21,2320
2019-11-02T02:51:49.000Z,54.991598,25.338298,20,2310
2019-11-02T02:52:20.000Z,54.992308,25.339743,20,2400
2019-11-02T02:53:19.000Z,54.99378000000001,25.342607,20,2600
2019-11-02T02:53:39.000Z,54.994258,25.343547,20,2390
2019-11-02T02:53:49.000Z,54.99449,25.344013,20,2470
2019-11-02T02:54:09.000Z,54.994943000000006,25.34494,20,2310
2019-11-02T02:54:20.000Z,54.995167,25.3454,19,2300
2019-11-02T02:54:40.000Z,54.995573,25.346268,19,2380
2019-11-02T02:55:19.000Z,54.996417,25.348112,19,2070
2019-11-02T02:55:39.000Z,54.9968,25.348957,18,2180
2019-11-02T02:55:48.000Z,54.996985,25.349398,19,2060
2019-11-02T02:56:00.000Z,54.997187,25.349888,18,2080
2019-11-02T02:57:00.000Z,54.998007,25.352602,17,990
2019-11-02T02:57:19.000Z,54.998098,25.353385,17,260
2019-11-02T02:57:38.000Z,54.998112,25.35423,16,20
2019-11-02T02:57:48.000Z,54.998102,25.354645,16,35810
2019-11-02T02:58:00.000Z,54.99809000000001,25.355102,16,35780
2019-11-02T02:58:10.000Z,54.998062,25.355508,16,35680
2019-11-02T02:58:38.000Z,54.99796800000001,25.356635,16,35550
2019-11-02T02:58:49.000Z,54.997928,25.357117,15,35480
2019-11-02T02:59:00.000Z,54.997888,25.357555,15,35650
2019-11-02T02:59:35.000Z,54.99786700000001,25.358938,15,440
2019-11-02T02:59:42.000Z,54.99789499999999,25.35921,15,580
2019-11-02T02:59:52.000Z,54.997947,25.359557,15,950
2019-11-02T03:00:00.000Z,54.998012,25.35986,15,1220
2019-11-02T03:00:12.000Z,54.998145,25.360345,15,1790
2019-11-02T03:00:26.000Z,54.99831999999999,25.360817,15,2000
2019-11-02T03:05:02.000Z,55.005902,25.365675,12,7730
2019-11-02T03:12:29.000Z,55.020927,25.366688,12,8550
2019-11-02T03:12:34.000Z,55.021165,25.366707,12,8400
2019-11-02T03:12:53.000Z,55.02181,25.366787,12,7740
2019-11-02T03:13:30.000Z,55.023035,25.367197,11,6080
2019-11-02T03:13:42.000Z,55.02330300000001,25.367347,11,6030
2019-11-02T03:13:53.000Z,55.023587,25.367525,10,5420
2019-11-02T03:14:05.000Z,55.02392,25.367775,10,5100
2019-11-02T03:14:20.000Z,55.024187,25.368,10,4220
2019-11-02T03:14:32.000Z,55.02446,25.368283,10,4410
2019-11-02T03:14:52.000Z,55.024815,25.368712,10,3170
2019-11-02T03:15:06.000Z,55.025007,25.368995,10,2850
2019-11-02T03:15:13.000Z,55.025092,25.369152,10,2540
2019-11-02T03:15:30.000Z,55.02526,25.369542000000006,9,1770
2019-11-02T03:15:45.000Z,55.025375,25.369918,9,1370
2019-11-02T03:15:56.000Z,55.025425,25.370153,9,960
2019-11-02T03:16:19.000Z,55.025473,25.370718,9,90
2019-11-02T03:16:30.000Z,55.025462,25.370972,8,35540
2019-11-02T03:16:49.000Z,55.025402,25.371397,8,34780
2019-11-02T03:17:00.000Z,55.025347,25.371608,8,34740
2019-11-02T03:17:12.000Z,55.02526500000001,25.371877,8,34030
2019-11-02T03:17:22.000Z,55.025185,25.37207,8,33750
2019-11-02T03:17:38.000Z,55.025043,25.372368,7,33400
2019-11-02T03:18:20.000Z,55.024563,25.373052,7,31850
2019-11-02T03:18:38.000Z,55.02429300000001,25.373323000000006,7,31320
2019-11-02T03:18:49.000Z,55.024147,25.373448,7,31090
2019-11-02T03:18:58.000Z,55.023983,25.373578,6,30970
2019-11-02T03:19:49.000Z,55.02324300000001,25.374048,6,30150
2019-11-02T03:20:38.000Z,55.02254,25.374383,5,29560
2019-11-02T03:20:59.000Z,55.022258,25.374493,5,29200
2019-11-02T03:21:19.000Z,55.021967,25.374595000000006,5,29040
2019-11-02T03:21:38.000Z,55.02171,25.374675,5,28700
2019-11-02T03:22:19.000Z,55.021157,25.37481,7,28240
2019-11-02T03:22:48.000Z,55.02079200000001,25.374885,6,27770
2019-11-02T03:23:19.000Z,55.020413,25.37494,5,27390
2019-11-02T03:23:59.000Z,55.019948,25.374982,4,26920
2019-11-02T03:24:48.000Z,55.019405000000006,25.37498,3,26370
2019-11-02T03:25:09.000Z,55.019183,25.374965,4,26430
2019-11-02T03:25:28.000Z,55.018988,25.374943,3,26130
2019-11-02T03:26:10.000Z,55.018577,25.374875,5,25700
2019-11-02T03:26:38.000Z,55.01831,25.374815,5,25250
2019-11-02T03:27:20.000Z,55.018025,25.374723,11,24590
2019-11-02T03:27:59.000Z,55.017845,25.374627,9,23080
2019-11-02T03:28:59.000Z,55.017732,25.374487,6,19170
2019-11-02T03:30:40.000Z,55.01785,25.374327,2,13460
2019-11-02T03:32:28.000Z,55.018033,25.374205,2,11100
2019-11-02T03:34:30.000Z,55.018287,25.374068,0,12560
2019-11-02T03:37:33.000Z,55.018703,25.373853,3,10550
2019-11-02T03:40:07.000Z,55.018973,25.373652,5,12900
2019-11-02T03:42:07.000Z,55.01909200000001,25.373458,3,15940
2019-11-02T03:44:20.000Z,55.01909499999999,25.37327,3,18780
2019-11-02T03:47:50.000Z,55.019002,25.373058,4,18850
2019-11-02T03:51:41.000Z,55.018933,25.372865,0,18360
2019-11-02T04:00:21.000Z,55.018887,25.372698,5,14220
2019-11-02T04:09:01.000Z,55.018912,25.372763,6,9210
2019-11-02T04:14:31.000Z,55.018958,25.3729,9,6530
2019-11-02T04:21:25.000Z,55.018962,25.372848,0,20820
2019-11-02T04:34:52.000Z,55.018963,25.3729,0,4960
2019-11-02T04:47:54.000Z,55.018982,25.37296,4,16720
2019-11-02T04:55:34.000Z,55.018997,25.373003,7,4240
2019-11-02T05:03:29.000Z,55.01903299999999,25.373127,8,1100
2019-11-02T05:09:49.000Z,55.019075,25.373075,5,18370
2019-11-02T05:17:58.000Z,55.018995,25.372972,1,3940
2019-11-02T05:25:07.000Z,55.019013,25.3731,5,29820
2019-11-02T05:37:38.000Z,55.01904,25.3732,13,31660
2019-11-02T05:46:55.000Z,55.01904,25.373173,6,25470
2019-11-02T05:53:55.000Z,55.019045,25.373187,0,26360
2019-11-02T05:58:58.000Z,55.019002,25.37324,5,32240
2019-11-02T06:11:17.000Z,55.019047,25.373252,7,20940
2019-11-02T06:24:08.000Z,55.019068,25.373148,3,19590
2019-11-02T06:37:35.000Z,55.019042000000006,25.373125,2,40
2019-11-02T06:44:57.000Z,55.01904,25.3732,2,18050
2019-11-02T06:51:50.000Z,55.019057,25.373125,8,19860
2019-11-02T07:01:46.000Z,55.019007,25.373202,7,26730
2019-11-02T07:07:27.000Z,55.019002,25.373315,6,18730
2019-11-02T07:14:17.000Z,55.019087,25.373278,3,16930
2019-11-02T07:20:28.000Z,55.019023,25.373135,3,23310
2019-11-02T07:27:29.000Z,55.019015,25.373038,0,15850
2019-11-02T07:33:36.000Z,55.019018,25.373118,5,22280
2019-11-02T07:39:46.000Z,55.019043,25.37316,8,24190
2019-11-02T07:46:57.000Z,55.018928,25.373122,0,22460
2019-11-02T07:55:17.000Z,55.018995,25.372953,5,28280
2019-11-02T08:01:56.000Z,55.018977,25.373002,7,1220
2019-11-02T08:14:28.000Z,55.019022,25.373002,2,19020
2019-11-02T08:25:03.000Z,55.018925,25.372828,1,2460
2019-11-02T08:33:14.000Z,55.018938,25.372885,7,3480
2019-11-02T08:40:09.000Z,55.018980000000006,25.372942,4,26850
2019-11-02T08:47:09.000Z,55.01894,25.37289,5,23100
2019-11-02T08:53:09.000Z,55.018908,25.372787,8,23400
2019-11-02T09:00:20.000Z,55.01885,25.37272,4,21290
2019-11-02T09:12:25.000Z,55.018835,25.37269,4,24000
2019-11-02T09:21:27.000Z,55.018795,25.372637,6,20710
2019-11-02T09:27:07.000Z,55.018795,25.372583,4,14730
2019-11-02T09:37:26.000Z,55.018737,25.372638,7,23270
2019-11-02T09:57:55.000Z,55.018827,25.372628,13,14920
2019-11-02T10:07:42.000Z,55.018853,25.372667,6,17540
2019-11-02T10:13:55.000Z,55.018855,25.372742,3,16930
2019-11-02T10:21:25.000Z,55.01890699999999,25.37272,5,17110
2019-11-02T10:27:39.000Z,55.018827,25.372735,2,18300
2019-11-02T10:33:49.000Z,55.018762,25.37261,4,17400
2019-11-02T10:39:09.000Z,55.018552,25.37265,8,29750
2019-11-02T10:40:30.000Z,55.018382,25.372763,14,29230
2019-11-02T10:41:59.000Z,55.018227,25.372863,0,29370
2019-11-02T10:43:59.000Z,55.018045,25.372938,10,29210
2019-11-02T10:46:09.000Z,55.01788000000001,25.373043,1,29110
2019-11-02T10:49:18.000Z,55.017688,25.373162,6,28540
2019-11-02T10:53:37.000Z,55.017465,25.373323000000006,11,29810
2019-11-02T11:00:05.000Z,55.017422,25.373438,8,5060
2019-11-02T11:01:37.000Z,55.017437,25.373607,2,33010
2019-11-02T11:02:18.000Z,55.017298,25.373783,0,32280
2019-11-02T11:02:57.000Z,55.017087,25.37402,3,32150
2019-11-02T11:03:19.000Z,55.016952,25.374167,3,31910
2019-11-02T11:03:38.000Z,55.01680699999999,25.374327,4,31910
2019-11-02T11:04:42.000Z,55.016277,25.37489,5,31470
2019-11-02T11:05:09.000Z,55.01590699999999,25.375208,6,31200
2019-11-02T11:05:28.000Z,55.015638,25.37543,7,31390
2019-11-02T11:05:59.000Z,55.015185,25.375888,8,31950
2019-11-02T11:06:09.000Z,55.015038,25.37605,8,32030
2019-11-02T11:06:18.000Z,55.01490500000001,25.376202,8,32320
2019-11-02T11:07:18.000Z,55.014038,25.377403,10,33000
2019-11-02T11:07:39.000Z,55.013758,25.377863,10,33160
2019-11-02T11:07:58.000Z,55.013485,25.378348000000006,11,33580
2019-11-02T11:08:39.000Z,55.012982,25.379435,11,34070
2019-11-02T11:09:38.000Z,55.012333,25.381147,12,33970
2019-11-02T11:09:48.000Z,55.012213,25.381445000000006,12,33890
2019-11-02T11:10:10.000Z,55.01195300000001,25.382075,12,33850
2019-11-02T11:10:38.000Z,55.011563,25.382983,13,33840
2019-11-02T11:11:18.000Z,55.011033,25.384352,14,34090
2019-11-02T11:13:18.000Z,55.009258,25.388883,16,33710
2019-11-02T11:13:38.000Z,55.00888000000001,25.389712,17,33730
2019-11-02T11:13:58.000Z,55.00850300000001,25.390508,17,33700
2019-11-02T11:14:18.000Z,55.008112,25.39133,18,33690
2019-11-02T11:15:18.000Z,55.006938,25.393913,19,33860
2019-11-02T11:15:39.000Z,55.006548,25.394838,20,33940
2019-11-02T11:15:58.000Z,55.006158,25.395783,20,34010
2019-11-02T11:16:17.000Z,55.005757,25.39679,20,34020
2019-11-02T11:16:38.000Z,55.005375,25.397763,20,34040
2019-11-02T11:17:38.000Z,55.004225,25.400702,21,34010
2019-11-02T11:17:59.000Z,55.003795,25.401758,21,33980
2019-11-02T11:19:59.000Z,55.00118000000001,25.40811,23,34090
2019-11-02T11:20:19.000Z,55.000793,25.409257,24,34460
2019-11-02T11:21:19.000Z,55.000023,25.41294,25,35200
2019-11-02T11:22:19.000Z,54.99939300000001,25.416693,25,35000
2019-11-02T11:22:39.000Z,54.99916,25.417888,25,35090
2019-11-02T11:23:23.000Z,54.99882,25.420447,25,35590
2019-11-02T11:24:08.000Z,54.99880699999999,25.423707,26,190
2019-11-02T11:24:23.000Z,54.998825,25.424167,26,220
2019-11-02T11:24:43.000Z,54.998863,25.425743,26,190
2019-11-02T11:24:53.000Z,54.99888000000001,25.426535,26,40
2019-11-02T11:25:03.000Z,54.998883,25.427262,26,70
2019-11-02T11:25:26.000Z,54.998875,25.428783,26,35960
2019-11-02T11:25:51.000Z,54.998842,25.430442000000006,26,35840
2019-11-02T11:27:45.000Z,54.999332,25.438107,27,690
2019-11-02T11:28:12.000Z,54.999547,25.43974,27,710
2019-11-02T11:28:26.000Z,54.99969300000001,25.440903,27,590
2019-11-02T11:28:38.000Z,54.999788,25.441728,27,570
2019-11-02T11:28:47.000Z,54.999848,25.44228,27,540
2019-11-02T11:28:54.000Z,54.99989300000001,25.442695,27,560
2019-11-02T11:29:05.000Z,54.999975,25.443458,27,550
2019-11-02T11:29:13.000Z,55.000018,25.443875,27,530
2019-11-02T11:29:26.000Z,55.00014,25.44513,27,510
2019-11-02T11:29:36.000Z,55.000185,25.44562,27,500
2019-11-02T11:29:45.000Z,55.000253,25.446392000000003,27,450
2019-11-02T11:30:08.000Z,55.000412,25.448083,28,490
2019-11-02T11:30:26.000Z,55.00052700000001,25.449288,28,480
2019-11-02T11:30:39.000Z,55.00060500000001,25.450142,28,510
2019-11-02T11:30:45.000Z,55.00065,25.450643,28,490
2019-11-02T11:31:12.000Z,55.00080300000001,25.452363,28,460
2019-11-02T11:31:47.000Z,55.00105300000001,25.455043,29,540
2019-11-02T11:31:50.000Z,55.00109000000001,25.455407,29,540
2019-11-02T11:32:05.000Z,55.00118000000001,25.456283,29,570
2019-11-02T11:32:26.000Z,55.00137700000001,25.458038,29,610
2019-11-02T11:32:38.000Z,55.001485,25.458918,29,680
2019-11-02T11:32:49.000Z,55.001535,25.45936,29,660
2019-11-02T11:32:57.000Z,55.001588,25.4598,29,680
2019-11-02T11:33:02.000Z,55.00169,25.460687,29,570
2019-11-02T11:33:14.000Z,55.001778,25.461502,29,560
2019-11-02T11:33:25.000Z,55.001867,25.462453,29,540
2019-11-02T11:33:33.000Z,55.001918,25.462912,29,530
2019-11-02T11:33:45.000Z,55.002,25.463787,29,510
2019-11-02T11:33:50.000Z,55.00202700000001,25.46432,29,520
2019-11-02T11:34:09.000Z,55.002177,25.465667,29,470
2019-11-02T11:34:35.000Z,55.00235,25.467463,30,470
2019-11-02T11:34:44.000Z,55.00243,25.468288,30,540
2019-11-02T11:35:36.000Z,55.00278,25.471905,30,490
2019-11-02T11:37:13.000Z,55.004652,25.478987,30,1980
2019-11-02T11:37:30.000Z,55.00516,25.48029,30,1870
2019-11-02T11:37:54.000Z,55.005788,25.482038,30,1810
2019-11-02T11:38:14.000Z,55.006375,25.483727,30,1650
2019-11-02T11:38:29.000Z,55.006673,25.484613,30,1650
2019-11-02T11:38:54.000Z,55.007283,25.486473,30,1660
2019-11-02T11:39:03.000Z,55.007423,25.486923,31,1570
2019-11-02T11:39:24.000Z,55.00803000000001,25.488797,31,1900
2019-11-02T11:39:35.000Z,55.008352,25.489607,31,2080
2019-11-02T11:40:01.000Z,55.009175,25.49134,31,2500
2019-11-02T11:40:14.000Z,55.009637,25.492188,31,2720
2019-11-02T11:40:47.000Z,55.011208,25.494655,31,3020
2019-11-02T11:40:54.000Z,55.011473,25.495068,31,2980
2019-11-02T11:41:07.000Z,55.011735,25.495482,31,3000
2019-11-02T11:41:11.000Z,55.011993,25.495897,31,2990
2019-11-02T11:41:24.000Z,55.01286,25.49719,31,3310
2019-11-02T11:41:40.000Z,55.013762,25.498377,32,3650
2019-11-02T11:42:05.000Z,55.015007,25.499832,32,3990
2019-11-02T11:42:42.000Z,55.017095,25.502023,32,4200
2019-11-02T11:44:08.000Z,55.0236,25.507947,32,4370
2019-11-02T11:44:30.000Z,55.02398,25.508327,32,4440
2019-11-02T11:44:41.000Z,55.024665,25.508983,32,4350
2019-11-02T11:45:32.000Z,55.02541,25.509698,32,4480
2019-11-02T11:50:31.000Z,55.04881700000001,25.528628,33,4780
2019-11-02T11:51:46.000Z,55.053817,25.532738,33,4820
2019-11-02T11:59:03.000Z,55.082582,25.556955,33,4590
2019-11-02T12:04:42.000Z,55.105137,25.57781,33,4470
2019-11-02T12:05:11.000Z,55.107013,25.579537,33,4460
2019-11-02T12:05:23.000Z,55.107788,25.58025,33,4450
2019-11-02T12:05:37.000Z,55.108562,25.58096,33,4420
2019-11-02T12:05:47.000Z,55.109265,25.581603,33,4440
2019-11-02T12:06:45.000Z,55.11319,25.58526,33,4340
2019-11-02T12:07:32.000Z,55.115892,25.587785,33,4400
2019-11-02T12:09:29.000Z,55.123653,25.594975,33,4430
2019-11-02T12:09:41.000Z,55.12443,25.595693,33,4480
2019-11-02T12:10:12.000Z,55.126372,25.597497,33,4420
2019-11-02T12:10:26.000Z,55.127152,25.598217,33,4440
2019-11-02T12:10:59.000Z,55.129487,25.600365,33,4440
2019-11-02T12:11:06.000Z,55.129875,25.600723,33,4440
2019-11-02T12:11:19.000Z,55.130655,25.601445,33,4440
2019-11-02T12:11:29.000Z,55.131367,25.602107,33,4390
2019-11-02T12:11:35.000Z,55.13182,25.60253,33,4440
2019-11-02T12:11:40.000Z,55.13221,25.602893,33,4430
2019-11-02T12:11:53.000Z,55.13299,25.603615,33,4400
2019-11-02T12:12:12.000Z,55.13415,25.604698000000006,33,4420
2019-11-02T12:12:30.000Z,55.135313,25.605778,33,4430
2019-11-02T12:12:41.000Z,55.136087,25.606492000000006,33,4470
2019-11-02T12:13:38.000Z,55.139208,25.609362,33,4450
2019-11-02T12:14:36.000Z,55.143395,25.613363,33,4150
2019-11-02T12:15:56.000Z,55.147795,25.61785,33,4240
2019-11-02T12:16:00.000Z,55.14816500000001,25.61822,33,4190
2019-11-02T12:16:21.000Z,55.148532,25.618593,33,4190
2019-11-02T12:16:41.000Z,55.151132,25.621198,33,4210
2019-11-02T12:17:58.000Z,55.15591,25.62597,33,4260
2019-11-02T12:18:54.000Z,55.15933,25.629358,33,4220
2019-11-02T12:19:10.000Z,55.16038199999999,25.630407,33,4260
2019-11-02T12:20:41.000Z,55.16605,25.636037,33,4330
2019-11-02T12:20:50.000Z,55.16643000000001,25.636405,33,4300
2019-11-02T12:21:35.000Z,55.169453,25.63935,33,4320
2019-11-02T12:22:04.000Z,55.170963,25.640823,33,4290
2019-11-02T12:22:29.000Z,55.17285500000001,25.642663,33,4240
2019-11-02T12:22:33.000Z,55.173285,25.643102,33,4160
2019-11-02T12:23:01.000Z,55.174677,25.64455,33,3990
2019-11-02T12:23:20.000Z,55.17531700000001,25.64526,33,4000
2019-11-02T12:24:29.000Z,55.17998299999999,25.650317,33,4230
2019-11-02T12:24:47.000Z,55.181102,25.651423,33,4240
2019-11-02T12:25:29.000Z,55.183712,25.65401,33,4330
2019-11-02T12:25:38.000Z,55.184457,25.654753,33,4350
2019-11-02T12:28:11.000Z,55.19412,25.663653,32,4440
2019-11-02T12:28:44.000Z,55.1956,25.665005,32,4530
2019-11-02T12:28:53.000Z,55.196755,25.666058,32,4500
2019-11-02T12:30:05.000Z,55.201527,25.67035,32,4580
2019-11-02T12:30:17.000Z,55.202238,25.670985,32,4630
2019-11-02T12:30:41.000Z,55.203015,25.671675,32,4530
2019-11-02T12:31:59.000Z,55.2089,25.676942,32,4640
2019-11-02T12:32:06.000Z,55.20929,25.677288,32,4510
2019-11-02T12:32:18.000Z,55.21006800000001,25.677987,32,4530
2019-11-02T12:32:25.000Z,55.210453,25.678338,32,4560
2019-11-02T12:32:48.000Z,55.212013,25.679732,32,4520
2019-11-02T12:33:05.000Z,55.21309300000001,25.680737,32,4430
2019-11-02T12:33:41.000Z,55.214573,25.682178,32,4220
2019-11-02T12:34:16.000Z,55.21734300000001,25.685095,32,4120
2019-11-02T12:34:32.000Z,55.218152,25.685975,32,3890
2019-11-02T12:34:48.000Z,55.219168,25.687128,32,3840
2019-11-02T12:36:53.000Z,55.225958,25.695435,32,3670
2019-11-02T12:37:11.000Z,55.226955,25.696607,32,3780
2019-11-02T12:37:30.000Z,55.227562,25.697327,32,3780
2019-11-02T12:38:38.000Z,55.231892,25.702387,32,3970
2019-11-02T12:41:12.000Z,55.240102,25.712123,32,3630
2019-11-02T12:41:29.000Z,55.24109,25.713288,32,3840
2019-11-02T12:41:46.000Z,55.241778,25.714042000000006,32,4150
2019-11-02T12:41:52.000Z,55.242133,25.714408,32,4130
2019-11-02T12:42:35.000Z,55.245227,25.717247,32,4860
2019-11-02T12:45:37.000Z,55.258385,25.725632,32,5670
2019-11-02T12:45:49.000Z,55.259225,25.726123,32,5670
2019-11-02T12:46:15.000Z,55.26096800000001,25.727163,32,5690
2019-11-02T12:47:19.000Z,55.26602,25.730228,32,5780
2019-11-02T12:47:31.000Z,55.266995,25.730813,32,5690
2019-11-02T12:47:59.000Z,55.269173,25.732103,32,5600
2019-11-02T12:48:47.000Z,55.27267,25.734375,32,5360
2019-11-02T12:48:53.000Z,55.2731,25.73467,32,5330
2019-11-02T12:49:40.000Z,55.27654,25.737027,32,5330
2019-11-02T12:50:06.000Z,55.278342,25.738245000000006,32,5370
2019-11-02T12:50:11.000Z,55.278705,25.738485,32,5410
2019-11-02T12:50:24.000Z,55.27958,25.739067,32,5280
2019-11-02T12:50:30.000Z,55.280013,25.739362,32,5380
2019-11-02T12:51:18.000Z,55.28350500000001,25.741667,32,5280
2019-11-02T12:51:41.000Z,55.285137,25.742823,32,5070
2019-11-02T12:51:53.000Z,55.286038,25.743495000000006,32,5070
2019-11-02T12:52:12.000Z,55.287242000000006,25.744473,32,4870
2019-11-02T12:52:42.000Z,55.28925,25.74611,32,4860
2019-11-02T12:53:40.000Z,55.293238,25.749418,32,4770
2019-11-02T12:54:23.000Z,55.295253,25.751057,32,4900
2019-11-02T12:54:30.000Z,55.295997,25.751653,32,4840
2019-11-02T12:55:05.000Z,55.298985,25.754012,32,4940
2019-11-02T12:55:43.000Z,55.301442,25.755958,32,4900
2019-11-02T12:55:55.000Z,55.302198,25.756547,32,4880
2019-11-02T12:56:11.000Z,55.303432,25.75752,32,5000
2019-11-02T12:56:23.000Z,55.30425,25.758173,32,4880
2019-11-02T12:56:46.000Z,55.305073,25.758822,32,4980
2019-11-02T12:56:55.000Z,55.30589200000001,25.759473,32,4870
2019-11-02T12:58:36.000Z,55.31327,25.765335,32,4890
2019-11-02T12:58:50.000Z,55.314085,25.765988,32,4900
2019-11-02T12:59:04.000Z,55.31524200000001,25.76691,32,4900
2019-11-02T12:59:12.000Z,55.31565,25.767233,32,4920
2019-11-02T12:59:23.000Z,55.316535,25.767938,32,4920
2019-11-02T13:00:05.000Z,55.319408,25.770213,32,4810
2019-11-02T13:00:17.000Z,55.3203,25.770927,32,5020
2019-11-02T13:00:23.000Z,55.320715,25.771252,32,4850
2019-11-02T13:00:30.000Z,55.321057,25.771528,32,4830
2019-11-02T13:00:50.000Z,55.321882,25.772183,32,5010
2019-11-02T13:01:11.000Z,55.32394300000001,25.773817,32,4860
2019-11-02T13:01:30.000Z,55.32516999999999,25.774797,32,4900
2019-11-02T13:01:45.000Z,55.325985,25.775453,32,4870
2019-11-02T13:01:51.000Z,55.326395,25.77578,32,4910
2019-11-02T13:02:11.000Z,55.32803199999999,25.777088,32,4890
2019-11-02T13:02:24.000Z,55.32885,25.777738,32,4880
2019-11-02T13:02:30.000Z,55.329328,25.77812,32,4920
2019-11-02T13:02:42.000Z,55.330077,25.778713,32,4930
2019-11-02T13:02:59.000Z,55.33130500000001,25.779695,32,4920
2019-11-02T13:03:12.000Z,55.332122,25.78035,32,4840
2019-11-02T13:03:20.000Z,55.332938,25.781007,32,4870
2019-11-02T13:03:30.000Z,55.333348,25.781333,32,4870
2019-11-02T13:04:42.000Z,55.33827700000001,25.785267,32,4820
2019-11-02T13:04:53.000Z,55.339163,25.785978,32,4900
2019-11-02T13:05:00.000Z,55.339508,25.78625,32,4910
2019-11-02T13:05:12.000Z,55.340325,25.786908,32,4870
2019-11-02T13:05:34.000Z,55.341963,25.788227,32,4870
2019-11-02T13:05:42.000Z,55.342375,25.788553,32,4900
2019-11-02T13:05:59.000Z,55.34319300000001,25.789212,32,4810
2019-11-02T13:06:05.000Z,55.343602,25.789542,32,4900
2019-11-02T13:06:23.000Z,55.34525,25.790852,32,4890
2019-11-02T13:06:41.000Z,55.34649,25.791832,32,4850
2019-11-02T13:06:53.000Z,55.34732,25.792485,33,4930
2019-11-02T13:07:03.000Z,55.347733,25.79281,33,4940
2019-11-02T13:07:20.000Z,55.349038,25.793848,33,4930
2019-11-02T13:07:41.000Z,55.350622,25.795108,33,5040
2019-11-02T13:08:00.000Z,55.351887,25.796072,33,5130
2019-11-02T13:08:29.000Z,55.35404499999999,25.797625,33,5220
2019-11-02T13:08:34.000Z,55.354477,25.797935,33,5130
2019-11-02T13:08:47.000Z,55.355332,25.798565,33,5190
2019-11-02T13:08:53.000Z,55.35569200000001,25.798823,33,5190
2019-11-02T13:09:00.000Z,55.356125,25.799133,33,5150
2019-11-02T13:09:13.000Z,55.35705,25.799815,33,5160
2019-11-02T13:09:47.000Z,55.35961500000001,25.8017,33,5060
2019-11-02T13:09:53.000Z,55.360037,25.80202,33,5010
2019-11-02T13:10:01.000Z,55.360462,25.802337,33,5110
2019-11-02T13:10:13.000Z,55.36131999999999,25.802963,33,5060
2019-11-02T13:10:54.000Z,55.364308,25.805163,33,5250
2019-11-02T13:11:21.000Z,55.365585,25.80611,33,5190
2019-11-02T13:11:46.000Z,55.36771,25.807668,32,5130
2019-11-02T13:11:53.000Z,55.368485,25.808248000000006,33,5040
2019-11-02T13:12:04.000Z,55.369337,25.808878,32,5060
2019-11-02T13:12:12.000Z,55.369907,25.8093,33,5110
2019-11-02T13:12:24.000Z,55.370763,25.80993,32,5090
2019-11-02T13:12:31.000Z,55.371122,25.810198,32,5000
2019-11-02T13:12:43.000Z,55.371545,25.810515,32,5070
2019-11-02T13:12:52.000Z,55.372823,25.811465,32,5020
2019-11-02T13:13:41.000Z,55.375387,25.813367,32,5040
2019-11-02T13:13:54.000Z,55.37704,25.814587,33,5060
2019-11-02T13:14:30.000Z,55.379673,25.816542,32,5040
2019-11-02T13:14:43.000Z,55.380437,25.817118,32,5050
2019-11-02T13:14:53.000Z,55.38140799999999,25.817815,33,5080
2019-11-02T13:15:04.000Z,55.382275,25.818455,33,5140
2019-11-02T13:15:12.000Z,55.38271,25.81877,33,5080
2019-11-02T13:15:40.000Z,55.384433,25.820038,33,5050
2019-11-02T13:15:59.000Z,55.38615,25.821308,33,5080
2019-11-02T13:16:16.000Z,55.387008,25.821942,33,5130
2019-11-02T13:16:31.000Z,55.38786800000001,25.822575,33,5110
2019-11-02T13:16:42.000Z,55.389085,25.823472,33,5080
2019-11-02T13:16:53.000Z,55.389938,25.824105,33,5070
2019-11-02T13:17:05.000Z,55.390795,25.824745,33,5030
2019-11-02T13:17:16.000Z,55.391298,25.825115,33,5110
2019-11-02T13:17:22.000Z,55.391803,25.825487,33,5060
2019-11-02T13:17:36.000Z,55.39301800000001,25.826395,33,5080
2019-11-02T13:17:47.000Z,55.39388,25.827035,33,4990
2019-11-02T13:17:54.000Z,55.394307,25.82736,33,5020
2019-11-02T13:18:04.000Z,55.395175,25.828000000000007,33,5110
2019-11-02T13:18:12.000Z,55.395607,25.828318,33,5020
2019-11-02T13:18:33.000Z,55.39610699999999,25.828698000000006,33,5010
2019-11-02T13:18:53.000Z,55.398637,25.830565,33,5100
2019-11-02T13:19:05.000Z,55.399503,25.831207,33,5030
2019-11-02T13:19:18.000Z,55.400373,25.831847,33,5140
2019-11-02T13:19:27.000Z,55.4008,25.832162,33,5080
2019-11-02T13:19:36.000Z,55.40165,25.832802,33,5110
2019-11-02T13:19:40.000Z,55.402013,25.833063,33,5150
2019-11-02T13:19:53.000Z,55.40295,25.833755,33,5050
2019-11-02T13:20:05.000Z,55.403893,25.834447,33,5090
2019-11-02T13:20:12.000Z,55.404255000000006,25.834713,33,5080
2019-11-02T13:20:22.000Z,55.40476,25.835085,33,5090
2019-11-02T13:20:54.000Z,55.407347,25.836962,33,5090
2019-11-02T13:21:04.000Z,55.40821500000001,25.837603,33,5080
2019-11-02T13:21:15.000Z,55.408652,25.837923,33,5130
2019-11-02T13:21:22.000Z,55.409088,25.83824,33,5130
2019-11-02T13:21:31.000Z,55.40995,25.838878,33,5100
2019-11-02T13:21:41.000Z,55.410818000000006,25.839512,33,5160
2019-11-02T13:21:53.000Z,55.41161,25.840098,33,5050
2019-11-02T13:22:09.000Z,55.41255200000001,25.840785,33,5140
2019-11-02T13:22:14.000Z,55.412985,25.841103,33,5040
2019-11-02T13:22:23.000Z,55.413485,25.84148,33,5090
2019-11-02T13:22:34.000Z,55.414782,25.842437,33,5070
2019-11-02T13:22:41.000Z,55.415142,25.842705,33,5070
2019-11-02T13:22:53.000Z,55.41600500000001,25.843345000000006,33,5100
2019-11-02T13:23:06.000Z,55.41686800000001,25.843983,33,5060
2019-11-02T13:23:13.000Z,55.417297,25.844305,33,5070
2019-11-02T13:23:24.000Z,55.417803,25.844678,33,5100
2019-11-02T13:23:35.000Z,55.419033,25.845583,33,5060
2019-11-02T13:23:42.000Z,55.419472,25.845907,33,5110
2019-11-02T13:23:53.000Z,55.42035,25.846548,33,5120
2019-11-02T13:24:26.000Z,55.422088,25.847838,33,5120
2019-11-02T13:24:35.000Z,55.422943,25.84849,33,5050
2019-11-02T13:24:59.000Z,55.425102,25.850112,33,5090
2019-11-02T13:25:05.000Z,55.425612,25.850487,33,5080
2019-11-02T13:25:12.000Z,55.426045,25.850813,33,5000
2019-11-02T13:25:31.000Z,55.427353,25.851782,33,5070
2019-11-02T13:25:49.000Z,55.42859,25.852695,33,5090
2019-11-02T13:25:53.000Z,55.42902700000001,25.853015,33,5090
2019-11-02T13:26:39.000Z,55.43209,25.85526,33,5150
2019-11-02T13:26:52.000Z,55.432965,25.855903,33,5070
2019-11-02T13:27:15.000Z,55.435173,25.857522,33,5080
2019-11-02T13:27:20.000Z,55.435612,25.857843,33,5090
2019-11-02T13:27:31.000Z,55.436123,25.858220000000006,33,5050
2019-11-02T13:27:40.000Z,55.436562,25.858543,33,5080
2019-11-02T13:28:18.000Z,55.43963000000001,25.860802,33,5080
2019-11-02T13:28:46.000Z,55.44130799999999,25.862037,34,5080
2019-11-02T13:28:52.000Z,55.442108,25.86263,34,5100
2019-11-02T13:29:18.000Z,55.44393,25.863973,34,5100
2019-11-02T13:29:24.000Z,55.444373,25.864293,34,5120
2019-11-02T13:29:30.000Z,55.444738,25.86456,34,5110
2019-11-02T13:29:52.000Z,55.446563,25.865902,34,5110
2019-11-02T13:30:05.000Z,55.44751,25.866608,34,5100
2019-11-02T13:30:13.000Z,55.44787700000001,25.866877,34,5170
2019-11-02T13:30:33.000Z,55.449188,25.867848,34,5060
2019-11-02T13:31:05.000Z,55.451897,25.869842,34,5050
2019-11-02T13:31:15.000Z,55.452625,25.870388,34,5090
2019-11-02T13:31:26.000Z,55.453582,25.871087,34,5070
2019-11-02T13:31:36.000Z,55.45401999999999,25.871415,34,5050
2019-11-02T13:31:41.000Z,55.454388,25.871685,34,5140
2019-11-02T13:32:06.000Z,55.456227,25.873033,34,5120
2019-11-02T13:32:11.000Z,55.45667,25.873357,34,5130
2019-11-02T13:32:26.000Z,55.457993,25.87433,34,5170
2019-11-02T13:32:36.000Z,55.45844200000001,25.874652,34,5130
2019-11-02T13:32:41.000Z,55.458888,25.874977,34,5110
2019-11-02T13:33:12.000Z,55.4611,25.876597,34,5060
2019-11-02T13:33:37.000Z,55.46243199999999,25.877565,34,5130
2019-11-02T13:33:42.000Z,55.462872,25.877892000000006,34,5080
2019-11-02T13:33:53.000Z,55.46413199999999,25.878808,34,5130
2019-11-02T13:34:31.000Z,55.466878,25.880805,34,5140
2019-11-02T13:34:42.000Z,55.46769499999999,25.8814,34,5120
2019-11-02T13:34:53.000Z,55.468583,25.882055,34,5200
2019-11-02T13:35:04.000Z,55.469548,25.882755,34,5080
2019-11-02T13:35:12.000Z,55.469995,25.883078,34,5140
2019-11-02T13:35:35.000Z,55.471775,25.884372,34,5150
2019-11-02T13:35:47.000Z,55.472662,25.885022,34,5090
2019-11-02T13:35:53.000Z,55.473102,25.885347,34,5060
2019-11-02T13:36:04.000Z,55.473992,25.885993,34,5110
2019-11-02T13:36:23.000Z,55.47532,25.88697,34,5160
2019-11-02T13:36:37.000Z,55.47620500000001,25.887615,34,5060
2019-11-02T13:36:44.000Z,55.476645,25.88794,34,5100
2019-11-02T13:37:05.000Z,55.478345,25.889185,34,5080
2019-11-02T13:37:12.000Z,55.478862,25.889565,34,5130
2019-11-02T13:37:23.000Z,55.479747,25.890218,34,5130
2019-11-02T13:37:47.000Z,55.48152,25.891523,34,5050
2019-11-02T13:37:59.000Z,55.48240799999999,25.892173,34,5100
2019-11-02T13:38:04.000Z,55.48285,25.8925,34,5070
2019-11-02T13:38:12.000Z,55.48329200000001,25.892825,34,5110
2019-11-02T13:38:23.000Z,55.484175,25.893477,34,5060
2019-11-02T13:38:50.000Z,55.485938,25.894777,34,5140
2019-11-02T13:39:11.000Z,55.48769,25.89607,33,5070
2019-11-02T13:39:36.000Z,55.489447,25.897357,33,5150
2019-11-02T13:39:48.000Z,55.49025200000001,25.897943,33,5130
2019-11-02T13:39:59.000Z,55.4912,25.89863,33,5140
2019-11-02T13:40:04.000Z,55.491637,25.898947,33,5090
2019-11-02T13:40:12.000Z,55.49207,25.899265,33,5140
2019-11-02T13:40:25.000Z,55.49300699999999,25.899948,33,5160
2019-11-02T13:40:30.000Z,55.49344,25.90026,33,5120
2019-11-02T13:41:15.000Z,55.496363,25.902398,32,5130
2019-11-02T13:41:23.000Z,55.49721,25.903018,32,5090
2019-11-02T13:41:30.000Z,55.49763000000001,25.90333,32,5080
2019-11-02T13:41:42.000Z,55.498465,25.903942,32,5060
2019-11-02T13:41:54.000Z,55.499222,25.904505,32,5100
2019-11-02T13:42:13.000Z,55.50046800000001,25.905425,32,5090
2019-11-02T13:42:34.000Z,55.502205,25.90669,31,5110
2019-11-02T13:42:43.000Z,55.50269,25.90704,31,5170
2019-11-02T13:43:01.000Z,55.503855,25.907888,31,5150
2019-11-02T13:43:13.000Z,55.504672,25.908482,31,5100
2019-11-02T13:43:34.000Z,55.506288,25.90967,31,5060
2019-11-02T13:43:46.000Z,55.507088,25.910263,30,5020
2019-11-02T13:43:57.000Z,55.50748299999999,25.910562,30,5060
2019-11-02T13:44:00.000Z,55.507815,25.910808,30,5080
2019-11-02T13:44:29.000Z,55.509847,25.912333,30,5070
2019-11-02T13:44:41.000Z,55.51055699999999,25.912872,30,5050
2019-11-02T13:44:54.000Z,55.511327,25.91345,29,5020
2019-11-02T13:45:02.000Z,55.51171,25.91374,29,5020
2019-11-02T13:45:16.000Z,55.512152,25.914072,29,5030
2019-11-02T13:45:22.000Z,55.512528,25.914355,29,5050
2019-11-02T13:45:32.000Z,55.513277,25.914917000000006,29,5050
2019-11-02T13:45:40.000Z,55.514392,25.915745,28,5040
2019-11-02T13:45:53.000Z,55.515128,25.916293,28,5060
2019-11-02T13:46:06.000Z,55.515922,25.91688,28,5050
2019-11-02T13:46:16.000Z,55.516165,25.91706,28,5120
2019-11-02T13:46:21.000Z,55.516592,25.91737,28,5080
2019-11-02T13:46:35.000Z,55.51762,25.918122,27,5090
2019-11-02T13:46:46.000Z,55.518342,25.918647,27,5090
2019-11-02T13:46:53.000Z,55.518703,25.918908,27,5160
2019-11-02T13:47:06.000Z,55.51948,25.919473,27,5160
2019-11-02T13:47:15.000Z,55.51978,25.919688,27,5110
2019-11-02T13:47:25.000Z,55.52055,25.920252,27,5100
2019-11-02T13:47:44.000Z,55.52160799999999,25.92103,27,5080
2019-11-02T13:48:05.000Z,55.523065,25.922112,27,5040
2019-11-02T13:48:12.000Z,55.523358,25.922332,27,5030
2019-11-02T13:48:27.000Z,55.524453,25.923162,27,5010
2019-11-02T13:48:32.000Z,55.52474,25.92338,26,4940
2019-11-02T13:48:41.000Z,55.525023,25.9236,26,4990
2019-11-02T13:48:53.000Z,55.525758,25.924167,26,4960
2019-11-02T13:49:05.000Z,55.526433,25.92469,26,4970
2019-11-02T13:49:17.000Z,55.527085,25.925182,26,4920
2019-11-02T13:49:26.000Z,55.527478,25.925478,26,5000
2019-11-02T13:49:54.000Z,55.52916,25.926758,26,5010
2019-11-02T13:50:00.000Z,55.529428,25.926968,26,5020
2019-11-02T13:50:17.000Z,55.5306,25.927773,26,5080
2019-11-02T13:50:25.000Z,55.531038,25.928072,26,5070
2019-11-02T13:50:30.000Z,55.531383,25.928320000000006,26,5120
2019-11-02T13:50:42.000Z,55.531973,25.92878,26,5110
2019-11-02T13:51:04.000Z,55.532415,25.929077,26,5080
2019-11-02T13:51:23.000Z,55.534283,25.930525,26,5150
2019-11-02T13:51:31.000Z,55.534678,25.930770000000006,26,5120
2019-11-02T13:51:42.000Z,55.53536500000001,25.931257,26,5210
2019-11-02T13:51:56.000Z,55.535698,25.931498,26,5170
2019-11-02T13:52:10.000Z,55.536365,25.931983,26,5200
2019-11-02T13:52:21.000Z,55.537307,25.932675,26,5080
2019-11-02T13:52:35.000Z,55.53845,25.933488,25,5100
2019-11-02T13:52:47.000Z,55.539112,25.933985,26,5070
2019-11-02T13:52:53.000Z,55.53944,25.934235,26,5070
2019-11-02T13:53:00.000Z,55.539713,25.934445,25,5010
2019-11-02T13:53:14.000Z,55.54042800000001,25.93499,26,5050
2019-11-02T13:53:34.000Z,55.541423,25.935718,25,5050
2019-11-02T13:53:47.000Z,55.542368,25.93643,25,5080
2019-11-02T13:53:59.000Z,55.543043,25.936943,25,5070
2019-11-02T13:54:02.000Z,55.543362,25.937195000000006,25,5000
2019-11-02T13:54:12.000Z,55.54369200000001,25.93745,25,5040
2019-11-02T13:54:32.000Z,55.544363,25.937923,25,4990
2019-11-02T13:54:41.000Z,55.545338,25.93867,25,5040
2019-11-02T13:55:00.000Z,55.54637,25.939415,25,5080
2019-11-02T13:55:11.000Z,55.54711999999999,25.939953,25,5100
2019-11-02T13:55:20.000Z,55.547403,25.940162,25,5070
2019-11-02T13:55:37.000Z,55.54847,25.940942,25,5110
2019-11-02T13:55:42.000Z,55.54875,25.941147,25,5110
2019-11-02T13:55:53.000Z,55.549418,25.941635,25,5140
2019-11-02T13:56:01.000Z,55.549807,25.941918,25,5140
2019-11-02T13:56:13.000Z,55.550473,25.942405,25,5120
2019-11-02T13:56:36.000Z,55.551747,25.943338,25,5130
2019-11-02T13:56:47.000Z,55.55235699999999,25.943785,25,5100
2019-11-02T13:57:00.000Z,55.553077,25.944312,25,5140
2019-11-02T13:57:48.000Z,55.55572700000001,25.946267,25,5100
2019-11-02T13:57:54.000Z,55.55606,25.94651,25,5100
2019-11-02T13:58:03.000Z,55.556445,25.946793,25,5150
2019-11-02T13:58:29.000Z,55.558055,25.947965,25,5120
2019-11-02T13:58:35.000Z,55.558388,25.948208,25,5120
2019-11-02T13:59:00.000Z,55.558722,25.94845,25,5130
2019-11-02T13:59:16.000Z,55.560388,25.949667,25,5180
2019-11-02T13:59:23.000Z,55.561067,25.950143,25,5280
2019-11-02T13:59:34.000Z,55.5617,25.950572,25,5370
2019-11-02T13:59:42.000Z,55.562105,25.95084,25,5400
2019-11-02T14:00:16.000Z,55.56310799999999,25.951467,25,5540
2019-11-02T14:00:30.000Z,55.564953,25.952598,25,5580
2019-11-02T14:00:41.000Z,55.565672,25.953032,25,5630
2019-11-02T14:01:02.000Z,55.566745,25.953675,25,5640
2019-11-02T14:01:12.000Z,55.56710500000001,25.953885,25,5700
2019-11-02T14:01:23.000Z,55.56818000000001,25.95453,25,5660
2019-11-02T14:01:41.000Z,55.569253,25.955178,25,5590
2019-11-02T14:01:54.000Z,55.569972,25.955615,25,5630
2019-11-02T14:02:01.000Z,55.57033000000001,25.955837,25,5550
2019-11-02T14:02:13.000Z,55.571047,25.956283,25,5560
2019-11-02T14:02:23.000Z,55.571703,25.956693,25,5520
2019-11-02T14:02:34.000Z,55.572415,25.957145,25,5540
2019-11-02T14:03:02.000Z,55.57389000000001,25.958083,25,5510
2019-11-02T14:03:18.000Z,55.57500699999999,25.958805,25,5460
2019-11-02T14:03:20.000Z,55.5753,25.958995,25,5440
2019-11-02T14:03:42.000Z,55.576352,25.959678,25,5460
2019-11-02T14:03:54.000Z,55.577055,25.960135,25,5460
2019-11-02T14:04:05.000Z,55.577407,25.960363,25,5400
2019-11-02T14:04:11.000Z,55.577757,25.96059,26,5430
2019-11-02T14:04:29.000Z,55.579103,25.96146,25,5440
2019-11-02T14:04:41.000Z,55.57986500000001,25.961955,25,5430
2019-11-02T14:04:55.000Z,55.58057,25.962408,25,5490
2019-11-02T14:05:00.000Z,55.58086700000001,25.962595,25,5540
2019-11-02T14:05:15.000Z,55.581597,25.963048,25,5570
2019-11-02T14:05:25.000Z,55.582437,25.963542,25,5730
2019-11-02T14:05:30.000Z,55.582742,25.963718,25,5750
2019-11-02T14:05:41.000Z,55.583477,25.964138,25,5770
2019-11-02T14:05:53.000Z,55.584282,25.96459,25,5790
2019-11-02T14:06:08.000Z,55.585332,25.96518,26,5790
2019-11-02T14:06:22.000Z,55.586077,25.965593,26,5810
2019-11-02T14:06:30.000Z,55.586447,25.965805,26,5840
2019-11-02T14:06:42.000Z,55.58719,25.966215,26,5820
2019-11-02T14:06:54.000Z,55.587932,25.966628,26,5810
2019-11-02T14:07:24.000Z,55.589412,25.96745,26,5840
2019-11-02T14:07:49.000Z,55.591255,25.968485,25,5740
2019-11-02T14:08:05.000Z,55.59235,25.969123,26,5710
2019-11-02T14:08:11.000Z,55.592713,25.969338,25,5620
2019-11-02T14:08:24.000Z,55.593495,25.969815,25,5550
2019-11-02T14:08:35.000Z,55.594147,25.970228,25,5510
2019-11-02T14:08:42.000Z,55.5945,25.970452,25,5490
2019-11-02T14:08:50.000Z,55.594853,25.970677,25,5490
2019-11-02T14:09:07.000Z,55.59555,25.971132,25,5380
2019-11-02T14:09:18.000Z,55.59659,25.971822,25,5330
2019-11-02T14:09:21.000Z,55.59693299999999,25.972053,25,5320
2019-11-02T14:09:50.000Z,55.598318000000006,25.972988,25,5300
2019-11-02T14:10:07.000Z,55.599012,25.973457,25,5330
2019-11-02T14:10:11.000Z,55.5993,25.973653,25,5250
2019-11-02T14:10:41.000Z,55.60108,25.97485,25,5360
2019-11-02T14:10:59.000Z,55.6025,25.975762,25,5590
2019-11-02T14:11:05.000Z,55.602862,25.975982,25,5710
2019-11-02T14:11:12.000Z,55.603225,25.976193,25,5740
2019-11-02T14:11:42.000Z,55.603955000000006,25.976613,25,5810
2019-11-02T14:12:00.000Z,55.60613000000001,25.97779,26,5990
2019-11-02T14:12:11.000Z,55.60694300000001,25.978223,26,5980
2019-11-02T14:12:20.000Z,55.60732,25.97842,26,6000
2019-11-02T14:12:42.000Z,55.608385,25.978982,26,5970
2019-11-02T14:12:52.000Z,55.609575,25.97961,26,5960
2019-11-02T14:13:04.000Z,55.610323,25.980008,26,5980
2019-11-02T14:13:12.000Z,55.610762,25.980242,26,5960
2019-11-02T14:13:21.000Z,55.61151,25.980647,26,5950
2019-11-02T14:13:30.000Z,55.611822,25.980812,26,5940
2019-11-02T14:13:42.000Z,55.612565,25.981217,26,5900
2019-11-02T14:14:05.000Z,55.614032,25.982018,26,5820
2019-11-02T14:14:11.000Z,55.6144,25.982223,26,5890
2019-11-02T14:14:25.000Z,55.615138,25.982637,26,5890
2019-11-02T14:14:31.000Z,55.615512,25.982843,26,5880
2019-11-02T14:14:41.000Z,55.61625,25.983258,26,5780
2019-11-02T14:14:53.000Z,55.616985,25.98368,26,5770
2019-11-02T14:15:18.000Z,55.618442,25.984545,25,5570
2019-11-02T14:15:26.000Z,55.618858,25.984807,25,5450
2019-11-02T14:15:44.000Z,55.61921,25.985035,25,5420
2019-11-02T14:15:53.000Z,55.620552,25.985907,25,5270
2019-11-02T14:16:05.000Z,55.62129300000001,25.986415,25,5320
2019-11-02T14:16:12.000Z,55.621578,25.98661,25,5230
2019-11-02T14:16:24.000Z,55.622248,25.987097,25,5120
2019-11-02T14:16:43.000Z,55.62291800000001,25.987587,25,5000
2019-11-02T14:16:53.000Z,55.623858,25.9883,25,5030
2019-11-02T14:17:00.000Z,55.62419000000001,25.98855,25,4950
2019-11-02T14:17:17.000Z,55.625225,25.989352,25,4960
2019-11-02T14:17:24.000Z,55.62555,25.989605,25,4910
2019-11-02T14:17:39.000Z,55.62586999999999,25.989853,25,4880
2019-11-02T14:17:43.000Z,55.62614,25.990063,25,4930
2019-11-02T14:17:53.000Z,55.62716999999999,25.99087,25,4920
2019-11-02T14:18:02.000Z,55.627497,25.991123,25,4980
2019-11-02T14:18:14.000Z,55.628208,25.991672,25,4950
2019-11-02T14:18:28.000Z,55.629133,25.992382,26,5030
2019-11-02T14:18:34.000Z,55.629465,25.992633,26,5030
2019-11-02T14:18:43.000Z,55.62979300000001,25.992882,26,5010
2019-11-02T14:18:57.000Z,55.63046,25.993375,26,5110
2019-11-02T14:19:12.000Z,55.631128,25.993867,26,5140
2019-11-02T14:19:23.000Z,55.632172,25.994638,26,5150
2019-11-02T14:19:31.000Z,55.63245,25.994838,26,5160
2019-11-02T14:19:41.000Z,55.633183,25.995347,26,5200
2019-11-02T14:20:06.000Z,55.634212,25.996078,26,5210
2019-11-02T14:20:12.000Z,55.634897,25.996555,26,5210
2019-11-02T14:20:24.000Z,55.635662,25.997063,26,5210
2019-11-02T14:20:42.000Z,55.636727,25.997802,26,5200
2019-11-02T14:20:53.000Z,55.63734,25.998252,26,5180
2019-11-02T14:21:08.000Z,55.63772700000001,25.998537,26,5180
2019-11-02T14:21:11.000Z,55.638073,25.99878,26,5150
2019-11-02T14:21:22.000Z,55.639038,25.999467000000006,26,5090
2019-11-02T14:21:35.000Z,55.639763,26.000005,26,5110
2019-11-02T14:21:42.000Z,55.640038,26.000212,26,5100
2019-11-02T14:21:54.000Z,55.640715,26.000712,26,5070
2019-11-02T14:22:08.000Z,55.641392,26.0012,26,5080
2019-11-02T14:22:16.000Z,55.641728,26.001445,26,5100
2019-11-02T14:22:24.000Z,55.642347,26.00189,26,5090
2019-11-02T14:22:35.000Z,55.643088,26.002408,26,5110
2019-11-02T14:22:42.000Z,55.643375,26.002615,26,5100
2019-11-02T14:22:50.000Z,55.64377,26.002907,26,5130
2019-11-02T14:23:07.000Z,55.644837,26.003693,26,5110
2019-11-02T14:23:13.000Z,55.645183,26.00394,26,5190
2019-11-02T14:23:23.000Z,55.645823,26.004398,26,5170
2019-11-02T14:23:36.000Z,55.646582,26.004933,26,5150
2019-11-02T14:23:42.000Z,55.64686500000001,26.005137,26,5190
2019-11-02T14:23:50.000Z,55.64720300000001,26.005377,26,5190
2019-11-02T14:24:02.000Z,55.647845,26.00581,26,5220
2019-11-02T14:24:20.000Z,55.649237,26.006805,26,5230
2019-11-02T14:24:33.000Z,55.649977,26.007317,26,5230
2019-11-02T14:24:45.000Z,55.650648,26.007788,26,5240
2019-11-02T14:24:59.000Z,55.651268,26.008213,26,5260
2019-11-02T14:25:06.000Z,55.651665,26.008478,26,5310
2019-11-02T14:25:16.000Z,55.652012,26.008708,26,5340
2019-11-02T14:25:22.000Z,55.6523,26.008902,26,5290
2019-11-02T14:25:31.000Z,55.653047,26.009418,26,5230
2019-11-02T14:25:43.000Z,55.653742,26.0099,26,5140
2019-11-02T14:25:53.000Z,55.65448000000001,26.010438,26,5110
2019-11-02T14:26:06.000Z,55.65516,26.01094,26,4990
2019-11-02T14:26:12.000Z,55.655492,26.011198,26,4900
2019-11-02T14:26:24.000Z,55.65609,26.011677,26,4820
2019-11-02T14:26:32.000Z,55.65647,26.011983,26,4850
2019-11-02T14:26:44.000Z,55.65706,26.012465,25,4730
2019-11-02T14:26:50.000Z,55.657698,26.013,25,4760
2019-11-02T14:27:06.000Z,55.658335,26.013538,25,4660
2019-11-02T14:27:12.000Z,55.658652,26.013812,25,4630
2019-11-02T14:27:23.000Z,55.65923000000001,26.014308,25,4640
2019-11-02T14:27:33.000Z,55.659903,26.014902,25,4620
2019-11-02T14:27:47.000Z,55.660163,26.01513,25,4580
2019-11-02T14:27:54.000Z,55.660778,26.015677,26,4550
2019-11-02T14:28:09.000Z,55.661807,26.016592000000006,26,4580
2019-11-02T14:28:25.000Z,55.662375,26.017093,26,4610
2019-11-02T14:28:30.000Z,55.662737,26.017412,26,4650
2019-11-02T14:28:42.000Z,55.66331,26.01791,26,4660
2019-11-02T14:28:53.000Z,55.663938,26.018452,26,4690
2019-11-02T14:29:00.000Z,55.66425699999999,26.018722,26,4710
2019-11-02T14:29:12.000Z,55.664893000000006,26.019258,26,4730
2019-11-02T14:29:25.000Z,55.665537,26.019792,26,4810
2019-11-02T14:29:32.000Z,55.66586,26.020055,26,4820
2019-11-02T14:29:42.000Z,55.666457,26.020538,26,4850
2019-11-02T14:29:53.000Z,55.667108,26.02106,26,4860
2019-11-02T14:30:00.000Z,55.66749,26.021365,26,4900
2019-11-02T14:30:12.000Z,55.668135,26.021872,26,4880
2019-11-02T14:30:23.000Z,55.668778,26.022373,26,4890
2019-11-02T14:30:31.000Z,55.66916,26.02267,26,4890
2019-11-02T14:30:48.000Z,55.670087,26.023403,26,4870
2019-11-02T14:30:53.000Z,55.670413,26.023665,26,4890
2019-11-02T14:31:06.000Z,55.67106800000001,26.024188,26,4850
2019-11-02T14:31:12.000Z,55.671393,26.024452,26,4870
2019-11-02T14:31:24.000Z,55.672045,26.024978,26,4830
2019-11-02T14:31:30.000Z,55.672372,26.025238,26,4810
2019-11-02T14:31:48.000Z,55.673343,26.026023,26,4790
2019-11-02T14:31:53.000Z,55.673667,26.026287,26,4790
2019-11-02T14:32:08.000Z,55.674312,26.026815,26,4780
2019-11-02T14:32:13.000Z,55.674635,26.02708,26,4770
2019-11-02T14:32:29.000Z,55.6756,26.027878,26,4740
2019-11-02T14:32:35.000Z,55.675922,26.028147,26,4750
2019-11-02T14:32:41.000Z,55.676188,26.028367000000006,26,4720
2019-11-02T14:32:53.000Z,55.676828,26.028898,26,4710
2019-11-02T14:33:05.000Z,55.677518000000006,26.029473,26,4740
2019-11-02T14:33:18.000Z,55.678158,26.030012,26,4750
2019-11-02T14:33:35.000Z,55.679173,26.030855,26,4780
2019-11-02T14:33:49.000Z,55.679763,26.03134,26,4780
2019-11-02T14:33:56.000Z,55.680407,26.031867,26,4800
2019-11-02T14:34:12.000Z,55.68073,26.03213,26,4810
2019-11-02T14:34:24.000Z,55.68170300000001,26.032918,26,4820
2019-11-02T14:34:30.000Z,55.68203000000001,26.033182,26,4880
2019-11-02T14:34:41.000Z,55.682627,26.033662,26,4900
2019-11-02T14:34:54.000Z,55.68328,26.034187,26,4870
2019-11-02T14:35:03.000Z,55.68361,26.034448,26,4900
2019-11-02T14:35:12.000Z,55.68431800000001,26.035013,26,4890
2019-11-02T14:35:24.000Z,55.684975,26.035535,26,4890
2019-11-02T14:35:53.000Z,55.68661700000001,26.036833,26,4890
2019-11-02T14:36:07.000Z,55.687272,26.037353,26,4870
2019-11-02T14:36:13.000Z,55.687598,26.037613,26,4860
2019-11-02T14:36:29.000Z,55.68858,26.038392,26,4850
2019-11-02T14:36:35.000Z,55.688908,26.03865,26,4890
2019-11-02T14:36:42.000Z,55.689237,26.03891,26,4810
2019-11-02T14:36:57.000Z,55.68989300000001,26.03943,26,4850
2019-11-02T14:37:02.000Z,55.69055,26.039952,26,4850
2019-11-02T14:37:12.000Z,55.69087800000001,26.04021,26,4850
2019-11-02T14:37:24.000Z,55.691535,26.040733,26,4870
2019-11-02T14:37:50.000Z,55.693115,26.041992,26,4830
2019-11-02T14:38:05.000Z,55.693825,26.042595,26,4800
2019-11-02T14:38:24.000Z,55.694807,26.04339,26,4840
2019-11-02T14:38:35.000Z,55.695132,26.043653,26,4840
2019-11-02T14:38:43.000Z,55.695785,26.044177,26,4860
2019-11-02T14:38:53.000Z,55.696437,26.044698,26,4840
2019-11-02T14:39:00.000Z,55.696762,26.044957,26,4860
2019-11-02T14:39:12.000Z,55.697413,26.045478,26,4840
2019-11-02T14:39:24.000Z,55.698068000000006,26.046002,26,4850
2019-11-02T14:39:30.000Z,55.698342,26.04622,26,4840
2019-11-02T14:39:45.000Z,55.69938000000001,26.047047,26,4890
2019-11-02T14:39:53.000Z,55.69965300000001,26.047262,26,4880
2019-11-02T14:40:01.000Z,55.700035,26.047565,26,4860
2019-11-02T14:40:12.000Z,55.700635,26.048043,26,4850
2019-11-02T14:40:24.000Z,55.701342,26.048608,26,4850
2019-11-02T14:40:30.000Z,55.701613,26.048828,26,4830
2019-11-02T14:40:45.000Z,55.702703,26.049698,26,4860
2019-11-02T14:40:53.000Z,55.702977,26.049915,26,4860
2019-11-02T14:41:04.000Z,55.703633,26.050438,26,4880
2019-11-02T14:41:35.000Z,55.70495699999999,26.05148,26,4910
2019-11-02T14:41:44.000Z,55.705897,26.05222,26,4870
2019-11-02T14:41:53.000Z,55.706283,26.052523,26,4880
2019-11-02T14:42:04.000Z,55.706943,26.053047,26,4850
2019-11-02T14:42:12.000Z,55.70721800000001,26.053267,26,4840
2019-11-02T14:42:33.000Z,55.708202,26.054053,26,4840
2019-11-02T14:42:43.000Z,55.708528,26.054317,26,4870
2019-11-02T14:42:51.000Z,55.709182,26.054843,26,4850
2019-11-02T14:43:00.000Z,55.709837,26.05537,26,4860
2019-11-02T14:43:13.000Z,55.71054300000001,26.055942,26,4860
2019-11-02T14:43:24.000Z,55.711253,26.056512,26,4860
2019-11-02T14:43:32.000Z,55.711525,26.056732,26,4820
2019-11-02T14:43:44.000Z,55.71250799999999,26.057518,26,4850
2019-11-02T14:43:51.000Z,55.712838,26.057778,26,4850
2019-11-02T14:44:05.000Z,55.7135,26.058305,26,4860
2019-11-02T14:44:12.000Z,55.713828,26.058568,26,4850
2019-11-02T14:44:25.000Z,55.714488,26.059097,26,4840
2019-11-02T14:44:35.000Z,55.714987,26.059493,26,4800
2019-11-02T14:44:42.000Z,55.715473,26.05988,26,4850
2019-11-02T14:44:54.000Z,55.715747,26.060098,26,4810
2019-11-02T14:45:05.000Z,55.716713,26.060897,26,4820
2019-11-02T14:45:13.000Z,55.717088,26.061207,26,4830
2019-11-02T14:45:25.000Z,55.717742,26.061737,26,4810
2019-11-02T14:45:46.000Z,55.718805,26.062582,26,4840
2019-11-02T14:45:53.000Z,55.719463,26.063112,26,4810
2019-11-02T14:46:05.000Z,55.720058,26.06359,26,4800
2019-11-02T14:46:18.000Z,55.720698,26.064117,26,4800
2019-11-02T14:46:32.000Z,55.721348,26.064648,26,4810
2019-11-02T14:46:44.000Z,55.72205500000001,26.065225,26,4800
2019-11-02T14:46:53.000Z,55.722653,26.065713,26,4810
2019-11-02T14:47:02.000Z,55.723305,26.066243,26,4800
2019-11-02T14:47:13.000Z,55.723632,26.066508,26,4830
2019-11-02T14:47:25.000Z,55.724285,26.067037,26,4850
2019-11-02T14:47:33.000Z,55.724558,26.067258,26,4800
2019-11-02T14:47:48.000Z,55.725602,26.068102,26,4830
2019-11-02T14:47:53.000Z,55.72593199999999,26.068363,26,4890
2019-11-02T14:48:00.000Z,55.726263,26.068620000000006,26,4860
2019-11-02T14:48:13.000Z,55.726983,26.069178,26,4870
2019-11-02T14:48:23.000Z,55.727603,26.069663,26,4890
2019-11-02T14:48:32.000Z,55.728273,26.070188,26,4880
2019-11-02T14:48:42.000Z,55.728662,26.07049,26,4910
2019-11-02T14:48:53.000Z,55.729272,26.070967,26,4870
2019-11-02T14:49:05.000Z,55.729932,26.071485,26,4880
2019-11-02T14:49:12.000Z,55.73026,26.071743,26,4920
2019-11-02T14:49:23.000Z,55.730913,26.072258,26,4870
2019-11-02T14:49:32.000Z,55.73124,26.072518,26,4910
2019-11-02T14:49:43.000Z,55.73189300000001,26.07304,26,4880
2019-11-02T14:49:53.000Z,55.73222,26.073302,26,4850
2019-11-02T14:50:04.000Z,55.732548,26.073563,26,4860
2019-11-02T14:50:13.000Z,55.7332,26.074087,26,4850
2019-11-02T14:50:24.000Z,55.734177,26.074877,26,4820
2019-11-02T14:50:34.000Z,55.734782,26.075362,26,4810
2019-11-02T14:50:43.000Z,55.73522,26.075715,26,4770
2019-11-02T14:51:00.000Z,55.73614499999999,26.076467,26,4780
2019-11-02T14:51:12.000Z,55.736798,26.076995,26,4810
2019-11-02T14:51:24.000Z,55.737455,26.077527,26,4770
2019-11-02T14:51:34.000Z,55.738108,26.078057,26,4790
2019-11-02T14:51:42.000Z,55.73849000000001,26.078367,26,4780
2019-11-02T14:51:51.000Z,55.73875500000001,26.078582,26,4780
2019-11-02T14:52:03.000Z,55.739335,26.079048,26,4770
2019-11-02T14:52:17.000Z,55.740353000000006,26.079883,26,4780
2019-11-02T14:52:26.000Z,55.74100000000001,26.080415,26,4790
2019-11-02T14:52:34.000Z,55.74126800000001,26.080637,26,4760
2019-11-02T14:52:42.000Z,55.741647,26.080948,26,4790
2019-11-02T14:52:55.000Z,55.742293,26.08148,26,4760
2019-11-02T14:53:01.000Z,55.742562,26.081703,26,4790
2019-11-02T14:53:11.000Z,55.743262,26.082283,26,4780
2019-11-02T14:53:23.000Z,55.743908,26.08282,26,4720
2019-11-02T14:53:30.000Z,55.74423,26.083088,26,4750
2019-11-02T14:53:42.000Z,55.74493199999999,26.083672,26,4750
2019-11-02T14:53:57.000Z,55.745535,26.084188,26,4740
2019-11-02T14:54:10.000Z,55.745858,26.084462,26,4700
2019-11-02T14:54:29.000Z,55.747455,26.085813,26,4680
2019-11-02T14:54:34.000Z,55.74777,26.086083,26,4660
2019-11-02T14:54:55.000Z,55.748403,26.086625,26,4660
2019-11-02T14:55:04.000Z,55.748982,26.08712,26,4670
2019-11-02T14:55:17.000Z,55.749988,26.087972,26,4660
2019-11-02T14:55:23.000Z,55.750252,26.088195,26,4670
2019-11-02T14:55:30.000Z,55.750572,26.088463,26,4700
2019-11-02T14:55:42.000Z,55.751212,26.088998,26,4720
2019-11-02T14:56:00.000Z,55.752278,26.08989,26,4760
2019-11-02T14:56:10.000Z,55.752547,26.090112,26,4760
2019-11-02T14:56:32.000Z,55.754158,26.09143,26,4770
2019-11-02T14:57:00.000Z,55.75545,26.092487,26,4780
2019-11-02T14:57:11.000Z,55.756095,26.093017,26,4780
2019-11-02T14:57:25.000Z,55.756738,26.093548,26,4740
2019-11-02T14:57:30.000Z,55.757058,26.093817,26,4710
2019-11-02T14:57:43.000Z,55.757645,26.094308,26,4650
2019-11-02T14:57:59.000Z,55.758642,26.095155,26,4690
2019-11-02T14:58:05.000Z,55.758907,26.095375,26,4710
2019-11-02T14:58:11.000Z,55.759223,26.095642,26,4730
2019-11-02T14:58:26.000Z,55.759918000000006,26.096215,26,4810
2019-11-02T14:58:30.000Z,55.760243,26.096477,26,4860
2019-11-02T14:58:45.000Z,55.760895,26.096993,26,4880
2019-11-02T14:58:59.000Z,55.761927,26.09781,26,4940
2019-11-02T14:59:05.000Z,55.762198,26.098025,26,4910
2019-11-02T14:59:12.000Z,55.762527,26.09828,26,4930
2019-11-02T14:59:25.000Z,55.763187,26.098788,26,4970
2019-11-02T14:59:33.000Z,55.763848,26.099293,26,4980
2019-11-02T14:59:50.000Z,55.764512,26.099798,26,4990
2019-11-02T15:00:11.000Z,55.765788,26.100767,26,5000
2019-11-02T15:00:23.000Z,55.766505,26.101318,26,4990
2019-11-02T15:00:33.000Z,55.76716700000001,26.101827,26,4980
2019-11-02T15:00:42.000Z,55.767442,26.102038,26,4980
2019-11-02T15:00:53.000Z,55.76815799999999,26.10259,26,4960
2019-11-02T15:01:07.000Z,55.768877,26.10314,26,4950
2019-11-02T15:01:12.000Z,55.76915200000001,26.103352,26,4940
2019-11-02T15:01:30.000Z,55.77014499999999,26.104115,26,4950
2019-11-02T15:01:42.000Z,55.770807,26.104618,26,4940
2019-11-02T15:01:53.000Z,55.77146800000001,26.105127,26,4950
2019-11-02T15:02:00.000Z,55.7718,26.105388,25,4960
2019-11-02T15:02:23.000Z,55.773135,26.10643,26,4960
2019-11-02T15:02:30.000Z,55.773465,26.106683,25,4960
2019-11-02T15:02:42.000Z,55.774125,26.107192,26,4980
2019-11-02T15:02:53.000Z,55.774728,26.107657,25,4960
2019-11-02T15:03:01.000Z,55.775113,26.10795,25,4990
2019-11-02T15:03:15.000Z,55.77571500000001,26.108413,25,4940
2019-11-02T15:03:23.000Z,55.77648000000001,26.10901,25,4970
2019-11-02T15:03:30.000Z,55.776747,26.109243,26,4900
2019-11-02T15:03:41.000Z,55.777428,26.109738,26,4930
2019-11-02T15:03:54.000Z,55.778102,26.110222,26,4930
2019-11-02T15:04:02.000Z,55.778435,26.110482,26,4910
2019-11-02T15:04:16.000Z,55.779088,26.110998,26,4910
2019-11-02T15:04:24.000Z,55.779738,26.111538,26,4880
2019-11-02T15:04:35.000Z,55.780375,26.112005,26,4900
2019-11-02T15:04:41.000Z,55.780698,26.112247,25,4900
2019-11-02T15:05:01.000Z,55.781663,26.113018,26,4890
2019-11-02T15:05:16.000Z,55.78199,26.113295,26,4880
2019-11-02T15:05:27.000Z,55.782592,26.11373,26,4930
2019-11-02T15:05:34.000Z,55.782975,26.114028,26,5010
2019-11-02T15:05:41.000Z,55.783587,26.114497,26,5070
2019-11-02T15:05:53.000Z,55.784663,26.115292,26,5300
2019-11-02T15:06:12.000Z,55.785707,26.116008,26,5310
2019-11-02T15:06:22.000Z,55.78605699999999,26.116247,26,5340
2019-11-02T15:06:37.000Z,55.786762,26.116723,26,5340
2019-11-02T15:06:42.000Z,55.787468,26.117195,26,5360
2019-11-02T15:06:53.000Z,55.788178,26.117662,26,5380
2019-11-02T15:07:00.000Z,55.788533,26.117893,26,5420
2019-11-02T15:07:13.000Z,55.789187,26.118315,26,5400
2019-11-02T15:07:20.000Z,55.789542,26.118547,26,5410
2019-11-02T15:07:30.000Z,55.790312,26.119045,26,5410
2019-11-02T15:07:42.000Z,55.791022,26.119508,26,5390
2019-11-02T15:07:53.000Z,55.791667,26.119935,26,5390
2019-11-02T15:08:02.000Z,55.792372,26.1204,26,5350
2019-11-02T15:08:12.000Z,55.792723,26.120635,26,5340
2019-11-02T15:08:20.000Z,55.793075,26.12087,26,5380
2019-11-02T15:08:30.000Z,55.79389499999999,26.12142,26,5350
2019-11-02T15:08:42.000Z,55.79454000000001,26.121852,26,5340
2019-11-02T15:08:53.000Z,55.795263,26.12231,26,5270
2019-11-02T15:09:04.000Z,55.795955000000006,26.12279,26,5350
2019-11-02T15:09:11.000Z,55.796302,26.123028,26,5300
2019-11-02T15:09:31.000Z,55.7974,26.123783,26,5300
2019-11-02T15:09:42.000Z,55.798003,26.124188,26,5260
2019-11-02T15:09:52.000Z,55.79861500000001,26.124605,26,5300
2019-11-02T15:10:05.000Z,55.799363,26.125120000000006,26,5310
2019-11-02T15:10:18.000Z,55.800062,26.125598,26,5330
2019-11-02T15:10:23.000Z,55.800413,26.125838,26,5280
2019-11-02T15:10:33.000Z,55.800763,26.126078,26,5320
2019-11-02T15:10:40.000Z,55.80105500000001,26.126277,26,5320
2019-11-02T15:10:53.000Z,55.802157,26.127025,26,5290
2019-11-02T15:11:05.000Z,55.802885,26.12752,26,5300
2019-11-02T15:11:10.000Z,55.803237,26.12776,26,5320
2019-11-02T15:11:23.000Z,55.803938,26.128237,26,5330
2019-11-02T15:11:36.000Z,55.804347,26.128513,26,5330
2019-11-02T15:11:41.000Z,55.804635,26.128708,26,5350
2019-11-02T15:11:58.000Z,55.806033,26.129653,26,5330
2019-11-02T15:12:03.000Z,55.806387,26.129892,26,5370
2019-11-02T15:12:24.000Z,55.807095,26.130367,26,5370
2019-11-02T15:12:33.000Z,55.8078,26.130842,26,5360
2019-11-02T15:12:59.000Z,55.809528,26.132002,26,5370
2019-11-02T15:13:06.000Z,55.80994000000001,26.132277,26,5350
2019-11-02T15:13:18.000Z,55.810583,26.132708,26,5370
2019-11-02T15:13:24.000Z,55.810995,26.132985,26,5330
2019-11-02T15:13:32.000Z,55.81140500000001,26.133258,26,5370
2019-11-02T15:13:42.000Z,55.812048,26.133693,26,5340
2019-11-02T15:13:53.000Z,55.812753,26.134167,26,5350
2019-11-02T15:14:00.000Z,55.81310500000001,26.134403,26,5360
2019-11-02T15:14:12.000Z,55.813813,26.134878,26,5350
2019-11-02T15:14:22.000Z,55.81416700000001,26.135117,26,5380
2019-11-02T15:14:38.000Z,55.814933,26.13563,26,5360
2019-11-02T15:14:43.000Z,55.81558,26.136065,26,5370
2019-11-02T15:14:52.000Z,55.81627,26.136517,26,5330
2019-11-02T15:15:05.000Z,55.816973,26.136987,26,5350
2019-11-02T15:15:20.000Z,55.81762,26.13742,26,5370
2019-11-02T15:15:32.000Z,55.81839300000001,26.13794,26,5410
2019-11-02T15:15:42.000Z,55.819107,26.138422,26,5350
2019-11-02T15:15:55.000Z,55.819757,26.138855,26,5350
2019-11-02T15:16:05.000Z,55.82057800000001,26.139407,26,5370
2019-11-02T15:16:17.000Z,55.821225,26.139837,26,5360
2019-11-02T15:16:35.000Z,55.822282,26.140543,26,5350
2019-11-02T15:16:43.000Z,55.822633,26.140777,26,5360
2019-11-02T15:16:53.000Z,55.823335,26.14125,26,5330
2019-11-02T15:17:06.000Z,55.824038,26.14172,26,5320
2019-11-02T15:17:11.000Z,55.82439,26.141958,26,5320
2019-11-02T15:18:04.000Z,55.82503199999999,26.142398,26,5300
2019-11-02T15:18:29.000Z,55.82895,26.145075,26,5320
2019-11-02T15:18:34.000Z,55.829302,26.145317,26,5360
2019-11-02T15:18:46.000Z,55.829713,26.145597,26,5360
2019-11-02T15:18:59.000Z,55.830425,26.146077,26,5380
2019-11-02T15:19:03.000Z,55.83078199999999,26.146318,26,5350
2019-11-02T15:19:24.000Z,55.832198,26.147288,26,5350
2019-11-02T15:19:35.000Z,55.832908,26.147763,26,5330
2019-11-02T15:20:07.000Z,55.834683,26.148952,26,5340
2019-11-02T15:20:12.000Z,55.83498,26.149153,26,5360
2019-11-02T15:20:25.000Z,55.835758,26.149672,26,5390
2019-11-02T15:20:49.000Z,55.837102,26.150568,26,5330
2019-11-02T15:20:57.000Z,55.837507,26.15084,26,5230
2019-11-02T15:21:07.000Z,55.83791,26.151115,26,5220
2019-11-02T15:21:12.000Z,55.838542,26.151563,26,5110
2019-11-02T15:21:20.000Z,55.838942,26.151855,26,5120
2019-11-02T15:21:52.000Z,55.840592,26.153058,26,5130
2019-11-02T15:22:06.000Z,55.8416,26.15384,26,4870
2019-11-02T15:22:29.000Z,55.842885,26.154883,26,4700
2019-11-02T15:29:13.000Z,55.863492,26.173647,26,4600
2019-11-02T15:29:55.000Z,55.865695,26.175557,26,4660
2019-11-02T15:32:49.000Z,55.874177,26.183897,25,3950
2019-11-02T15:34:44.000Z,55.879713,26.189913,26,4110
2019-11-02T15:38:13.000Z,55.889447,26.200055,26,4090
2019-11-02T15:38:48.000Z,55.89001999999999,26.200657,26,4110
2019-11-02T15:39:31.000Z,55.893228,26.203957,26,4110
2019-11-02T15:39:43.000Z,55.893812,26.204557,26,4160
2019-11-02T15:40:05.000Z,55.89498,26.205753,26,4150
2019-11-02T15:40:10.000Z,55.895233,26.206017000000006,26,4160
2019-11-02T15:40:25.000Z,55.89583199999999,26.206663,26,4140
2019-11-02T15:40:53.000Z,55.897265,26.208132,26,4130
2019-11-02T15:41:06.000Z,55.897902,26.20879,26,4110
2019-11-02T15:41:11.000Z,55.89820200000001,26.209097,26,4130
2019-11-02T15:41:44.000Z,55.899678,26.210593,26,4110
2019-11-02T15:41:53.000Z,55.90026500000001,26.21119,26,4120
2019-11-02T15:42:11.000Z,55.901132,26.212098,26,4100
2019-11-02T15:42:30.000Z,55.90172,26.212708,26,4100
2019-11-02T15:43:05.000Z,55.903792,26.214837,26,4140
2019-11-02T15:43:13.000Z,55.90404,26.215087,26,4150
2019-11-02T15:43:27.000Z,55.904388,26.215438,26,4150
2019-11-02T15:43:34.000Z,55.904688,26.215742,26,4170
2019-11-02T15:43:46.000Z,55.905893000000006,26.216965,26,4170
2019-11-02T15:43:54.000Z,55.906193,26.217268,27,4170
2019-11-02T15:44:05.000Z,55.90684,26.217922,27,4150
2019-11-02T15:44:12.000Z,55.907088,26.21817,27,4190
2019-11-02T15:44:21.000Z,55.907433,26.218522,27,4150
2019-11-02T15:44:39.000Z,55.908028,26.219122,27,4160
2019-11-02T15:44:47.000Z,55.908822,26.219918,27,4170
2019-11-02T15:44:53.000Z,55.90916800000001,26.220270000000006,27,4150
2019-11-02T15:45:04.000Z,55.909762,26.220873,27,4150
2019-11-02T15:45:19.000Z,55.910355,26.22148,27,4130
2019-11-02T15:45:41.000Z,55.911517,26.222648,27,4160
2019-11-02T15:45:53.000Z,55.91212,26.223262,27,4170
2019-11-02T15:46:06.000Z,55.912763,26.22392,27,4150
2019-11-02T15:46:16.000Z,55.91305799999999,26.224223,27,4160
2019-11-02T15:46:31.000Z,55.914003,26.225192,27,4160
2019-11-02T15:46:41.000Z,55.91455500000001,26.22575,27,4150
2019-11-02T15:46:54.000Z,55.91520300000001,26.226412,27,4130
2019-11-02T15:47:33.000Z,55.916947,26.22818,27,4150
2019-11-02T15:47:41.000Z,55.917497,26.22874,27,4160
2019-11-02T15:48:00.000Z,55.918445,26.229707,27,4150
2019-11-02T15:48:19.000Z,55.91934300000001,26.230625,27,4170
2019-11-02T15:48:43.000Z,55.920598,26.231890000000003,27,4170
2019-11-02T15:48:53.000Z,55.921198,26.232498,27,4160
2019-11-02T15:49:19.000Z,55.922403,26.23374,27,4180
2019-11-02T15:49:31.000Z,55.923023,26.234355,27,4190
2019-11-02T15:49:42.000Z,55.923637,26.234947,27,4310
2019-11-02T15:49:59.000Z,55.924537,26.235798,27,4350
2019-11-02T15:50:07.000Z,55.92485,26.236097,27,4360
2019-11-02T15:50:19.000Z,55.92547800000001,26.236685,27,4380
2019-11-02T15:50:32.000Z,55.92641999999999,26.237565000000004,27,4380
2019-11-02T15:51:42.000Z,55.929938,26.240823,27,4410
2019-11-02T15:52:05.000Z,55.931203,26.242002000000006,27,4420
2019-11-02T15:52:18.000Z,55.931783,26.24254,27,4440
2019-11-02T15:52:28.000Z,55.932098,26.242835,27,4400
2019-11-02T15:52:35.000Z,55.932413,26.243128,27,4420
2019-11-02T15:52:40.000Z,55.93273000000001,26.243423,27,4430
2019-11-02T15:53:19.000Z,55.934883,26.245435,27,4370
2019-11-02T15:53:24.000Z,55.9352,26.245733,27,4400
2019-11-02T15:53:35.000Z,55.935832,26.246327,27,4390
2019-11-02T15:53:42.000Z,55.9362,26.246673,27,4370
2019-11-02T15:54:12.000Z,55.937508,26.24791,27,4390
2019-11-02T15:54:22.000Z,55.938398,26.248752000000003,27,4360
2019-11-02T15:54:33.000Z,55.939025,26.249348,27,4360
2019-11-02T15:54:42.000Z,55.93939200000001,26.249695000000006,27,4360
2019-11-02T15:54:53.000Z,55.939965,26.25024,27,4360
2019-11-02T15:55:29.000Z,55.941845,26.25202,27,4380
2019-11-02T15:55:36.000Z,55.94216,26.252317,27,4390
2019-11-02T15:55:42.000Z,55.942475,26.252615,27,4380
2019-11-02T15:55:50.000Z,55.94279,26.252912,27,4400
2019-11-02T15:56:00.000Z,55.94336,26.25344,27,4390
2019-11-02T15:56:19.000Z,55.944313,26.254343,27,4410
2019-11-02T15:56:24.000Z,55.94468199999999,26.254688,27,4410
2019-11-02T15:56:36.000Z,55.94536700000001,26.255328,27,4430
2019-11-02T15:56:49.000Z,55.945945,26.25587,27,4380
2019-11-02T15:56:59.000Z,55.946312,26.256218,27,4410
2019-11-02T15:57:05.000Z,55.946628,26.256512,27,4420
2019-11-02T15:57:10.000Z,55.946947,26.256807,27,4430
2019-11-02T15:57:59.000Z,55.94980200000001,26.259362,27,4570
2019-11-02T15:58:28.000Z,55.95138299999999,26.260745,27,4610
2019-11-02T15:59:06.000Z,55.953417,26.262508,27,4600
2019-11-02T15:59:14.000Z,55.953747,26.262795,27,4590
2019-11-02T15:59:23.000Z,55.954405,26.26337,27,4580
2019-11-02T15:59:37.000Z,55.95513,26.264003,27,4590
2019-11-02T15:59:42.000Z,55.955405000000006,26.264243,27,4580
2019-11-02T15:59:59.000Z,55.956392,26.265102,27,4590
2019-11-02T16:00:13.000Z,55.957048,26.265675,27,4570
2019-11-02T16:00:23.000Z,55.95770200000001,26.26625,27,4580
2019-11-02T16:00:49.000Z,55.959003,26.267402,27,4570
2019-11-02T16:01:07.000Z,55.959658,26.267977,27,4570
2019-11-02T16:01:13.000Z,55.95993000000001,26.268217,27,4570
2019-11-02T16:01:29.000Z,55.96129300000001,26.269413,27,4580
2019-11-02T16:01:34.000Z,55.961622,26.2697,27,4610
2019-11-02T16:01:43.000Z,55.96200500000001,26.270033,27,4590
2019-11-02T16:02:01.000Z,55.962985,26.270893,27,4590
2019-11-02T16:02:12.000Z,55.963582,26.271420000000006,27,4610
2019-11-02T16:02:24.000Z,55.964237,26.271993,27,4610
2019-11-02T16:02:30.000Z,55.964565,26.27228,27,4600
2019-11-02T16:02:41.000Z,55.96522,26.272855,27,4560
2019-11-02T16:03:00.000Z,55.966193,26.273728,27,4560
2019-11-02T16:03:22.000Z,55.967185,26.27458,27,4700
2019-11-02T16:03:37.000Z,55.96780699999999,26.275088,27,4800
2019-11-02T16:03:43.000Z,55.96855,26.27568,27,4900
2019-11-02T16:03:53.000Z,55.969308,26.276253000000004,27,5110
2019-11-02T16:04:11.000Z,55.970325,26.27697,27,5260
2019-11-02T16:04:24.000Z,55.971048,26.277468,27,5290
2019-11-02T16:04:43.000Z,55.97214200000001,26.278208000000006,27,5330
2019-11-02T16:05:32.000Z,55.975088,26.28017,27,5410
2019-11-02T16:06:23.000Z,55.978522,26.282335,27,5560
2019-11-02T16:06:37.000Z,55.97921,26.282763,27,5530
2019-11-02T16:06:42.000Z,55.979585,26.283,27,5530
2019-11-02T16:06:59.000Z,55.980712,26.2837,27,5520
2019-11-02T16:08:31.000Z,55.986285,26.287252,27,5440
2019-11-02T16:09:19.000Z,55.9892,26.289155,27,5440
2019-11-02T16:09:25.000Z,55.989567,26.289392,27,5450
2019-11-02T16:09:30.000Z,55.98993299999999,26.289628000000004,27,5460
2019-11-02T16:09:44.000Z,55.990673,26.290108,27,5490
2019-11-02T16:10:46.000Z,55.993577,26.291962,26,5480
2019-11-02T16:10:59.000Z,55.994292,26.292418,26,5490
2019-11-02T16:11:59.000Z,55.998537,26.295102000000004,25,5470
2019-11-02T16:12:23.000Z,56.00026,26.296222,25,5350
2019-11-02T16:12:36.000Z,56.000882,26.296640000000004,25,5350
2019-11-02T16:13:00.000Z,56.002278,26.297587,25,5320
2019-11-02T16:13:12.000Z,56.002888,26.298003,25,5270
2019-11-02T16:13:22.000Z,56.00355,26.29846,25,5270
2019-11-02T16:13:34.000Z,56.00421,26.298918,25,5250
2019-11-02T16:13:44.000Z,56.00459300000001,26.299188,25,5230
2019-11-02T16:13:53.000Z,56.005197,26.299608000000006,24,5230
2019-11-02T16:14:55.000Z,56.008513,26.301953,24,5170
2019-11-02T16:15:02.000Z,56.008838,26.302183000000007,24,5180
2019-11-02T16:15:19.000Z,56.009868,26.30291,24,5210
2019-11-02T16:15:25.000Z,56.010195,26.303137,24,5240
2019-11-02T16:15:45.000Z,56.011337,26.303925,24,5290
2019-11-02T16:16:07.000Z,56.012433,26.304667,24,5330
2019-11-02T16:16:26.000Z,56.013477,26.305363,24,5350
2019-11-02T16:16:44.000Z,56.014635,26.306123,24,5380
2019-11-02T16:17:06.000Z,56.015735,26.306847,24,5380
2019-11-02T16:17:55.000Z,56.018475,26.308657,24,5340
2019-11-02T16:18:45.000Z,56.021157,26.310482,23,5250
2019-11-02T16:18:54.000Z,56.021683,26.310845,23,5240
2019-11-02T16:19:04.000Z,56.022153,26.311168,23,5240
2019-11-02T16:21:12.000Z,56.02820300000001,26.31535,22,5330
2019-11-02T16:24:33.000Z,56.038835,26.322213,21,5320
2019-11-02T16:31:24.000Z,56.058435,26.334908,20,5480
2019-11-02T16:33:33.000Z,56.064577,26.338862,20,5450
2019-11-02T16:33:55.000Z,56.06551500000001,26.339462,20,5440
2019-11-02T16:37:34.000Z,56.075892,26.34616,20,5330
2019-11-02T16:42:06.000Z,56.088413,26.354163,20,5480
2019-11-02T16:46:15.000Z,56.100083,26.361613,20,5470
2019-11-02T16:46:37.000Z,56.101025,26.362203000000004,20,5460
2019-11-02T16:55:37.000Z,56.127072,26.377597,20,5820
2019-11-02T17:02:45.000Z,56.148273,26.389448,20,5910
2019-11-02T17:03:06.000Z,56.149232,26.389983,20,5860
2019-11-02T17:03:14.000Z,56.149742,26.390252,20,5850
2019-11-02T17:09:40.000Z,56.16875200000001,26.400755,21,5890
2019-11-02T17:34:14.000Z,56.243743,26.441883,21,5940
2019-11-02T17:34:24.000Z,56.244222,26.442107,21,5950
2019-11-02T17:34:35.000Z,56.244782,26.4424,21,5940
2019-11-02T17:34:44.000Z,56.245288,26.44267,21,5920
2019-11-02T17:34:56.000Z,56.245847,26.442965,21,5940
2019-11-02T17:36:14.000Z,56.249408,26.444862,21,5900
2019-11-02T17:36:23.000Z,56.2503,26.445363,21,5880
2019-11-02T17:37:11.000Z,56.252422,26.446492,20,5880
2019-11-02T17:37:25.000Z,56.253372,26.447007,20,5880
2019-11-02T17:37:37.000Z,56.25392,26.447305,20,5880
2019-11-02T17:37:44.000Z,56.25436800000001,26.44755,20,5870
2019-11-02T17:37:55.000Z,56.254915,26.44785,20,5870
2019-11-02T17:38:21.000Z,56.256347,26.44864,20,5860
2019-11-02T17:38:36.000Z,56.2569,26.448938,20,5870
2019-11-02T17:38:55.000Z,56.25789200000001,26.449482,20,5850
2019-11-02T17:39:06.000Z,56.258387,26.449753,20,5860
2019-11-02T17:39:15.000Z,56.258833,26.449998,20,5860
2019-11-02T17:39:43.000Z,56.260267000000006,26.450773,20,5850
2019-11-02T17:40:06.000Z,56.261378,26.451392,20,5860
2019-11-02T17:40:37.000Z,56.262827,26.452185,20,5860
2019-11-02T17:40:43.000Z,56.263323,26.452458,20,5870
2019-11-02T17:40:55.000Z,56.26387,26.452757,20,5860
2019-11-02T17:41:26.000Z,56.265312,26.453543,20,5840
2019-11-02T17:41:35.000Z,56.265807,26.453815,20,5850
2019-11-02T17:41:44.000Z,56.266248,26.45406,20,5830
2019-11-02T17:42:44.000Z,56.269257,26.455738,20,5830
2019-11-02T17:42:55.000Z,56.26985,26.456065,20,5840
2019-11-02T17:43:06.000Z,56.270298,26.456312,20,5850
2019-11-02T17:43:16.000Z,56.270743,26.456555,20,5870
2019-11-02T17:43:33.000Z,56.271238,26.456825,20,5890
2019-11-02T17:45:25.000Z,56.277237,26.459983,20,5940
