timestamp,longitude,latitude,speed,direction
2019-11-01T00:27:58.000Z,132.50141499999998,36.867143,25,5070
2019-11-01T00:28:00.000Z,132.501603,36.867267,25,5010
2019-11-01T00:30:34.000Z,132.511535,36.873217,25,5330
2019-11-01T02:19:13.000Z,132.92824199999998,37.118243,25,5350
2019-11-01T02:44:59.000Z,133.029225,37.17506,26,5380
2019-11-01T02:53:19.000Z,133.062895,37.195517,27,5320
2019-11-01T03:01:05.000Z,133.094598,37.214988,27,5090
2019-11-01T03:01:22.000Z,133.095725,37.215775,27,4990
2019-11-01T03:01:30.000Z,133.096277,37.216107,27,5180
2019-11-01T11:23:34.000Z,135.20928,38.445013,25,5760
2019-11-01T20:15:48.000Z,137.485,39.741667,27,5500
2019-11-01T20:39:47.000Z,137.59,39.801667,27,5100
2019-11-01T20:45:48.000Z,137.615,39.818333,27,5000
2019-11-01T20:57:41.000Z,137.666667,39.85,27,5300
2019-11-01T22:52:35.000Z,138.193568,40.14299000000001,29,5530
2019-11-01T22:59:50.000Z,138.228773,40.16128,29,5380
2019-11-01T23:27:47.000Z,138.355,40.235,27,5300
2019-11-01T23:30:47.000Z,138.368333,40.241667,27,5600
2019-11-01T23:33:47.000Z,138.383333,40.25,27,5500
2019-11-01T23:46:06.000Z,138.44145,40.281568,29,5550
2019-11-01T23:47:35.000Z,138.44741299999998,40.28472,29,5610
2019-11-01T23:48:05.000Z,138.44970700000002,40.285947,29,5570
2019-11-02T00:05:00.000Z,138.52864,40.329707,29,5350
2019-11-02T00:05:49.000Z,138.532267,40.331787,29,5380
2019-11-02T00:20:43.000Z,138.601573,40.3716,29,5310
2019-11-02T00:21:57.000Z,138.606987,40.374773,29,5200
2019-11-02T00:22:11.000Z,138.607973,40.37536,29,5240
2019-11-02T00:24:13.000Z,138.617627,40.380907,29,5380
2019-11-02T00:39:02.000Z,138.686902,40.420113,29,5220
2019-11-02T01:12:47.000Z,138.848333,40.506667,29,5200
2019-11-02T01:20:47.000Z,138.886222,40.530042,29,5130
2019-11-02T01:20:51.000Z,138.886222,40.530042,29,5130
2019-11-02T01:23:23.000Z,138.898192,40.537208,29,5360
2019-11-02T01:23:35.000Z,138.899095,40.537772,29,5160
2019-11-02T01:23:41.000Z,138.899563,40.538045,29,5180
2019-11-02T01:23:44.000Z,138.899563,40.538045,29,5180
2019-11-02T01:23:58.000Z,138.900867,40.53884,29,5090
2019-11-02T01:24:25.000Z,138.902347,40.53976,29,5070
2019-11-02T01:24:31.000Z,138.902827,40.540027,29,5240
2019-11-02T01:24:58.000Z,138.905502,40.541638,29,5140
2019-11-02T01:25:12.000Z,138.906532,40.542232,29,5250
2019-11-02T01:25:14.000Z,138.906532,40.542232,29,5250
2019-11-02T01:25:46.000Z,138.909102,40.543823,29,5100
2019-11-02T01:26:10.000Z,138.910933,40.544935,30,5150
2019-11-02T01:27:34.000Z,138.917468,40.548895,30,5040
2019-11-02T01:27:37.000Z,138.917468,40.548895,30,5040
2019-11-02T01:28:19.000Z,138.92091299999998,40.550917,30,5260
2019-11-02T01:28:51.000Z,138.923423,40.552402,30,5160
2019-11-02T01:28:55.000Z,138.923583,40.552495,30,5230
2019-11-02T01:29:02.000Z,138.924303,40.552905,30,5300
2019-11-02T01:29:28.000Z,138.926412,40.55416,30,5230
2019-11-02T01:29:34.000Z,138.926873,40.554435,30,5200
2019-11-02T01:29:51.000Z,138.928108,40.555173,30,5220
2019-11-02T01:30:11.000Z,138.92963,40.556118,29,5090
2019-11-02T01:30:23.000Z,138.930543,40.55669,30,5040
2019-11-02T01:30:34.000Z,138.931377,40.557203,29,5040
2019-11-02T01:30:40.000Z,138.931905,40.557542,29,5040
2019-11-02T01:30:50.000Z,138.932583,40.557972,29,5040
2019-11-02T01:31:16.000Z,138.934648,40.559237,30,5100
2019-11-02T01:31:23.000Z,138.935095,40.559527,30,5070
2019-11-02T01:31:25.000Z,138.935095,40.559527,30,5070
2019-11-02T01:31:34.000Z,138.935923,40.560047,29,5080
2019-11-02T01:31:53.000Z,138.937375,40.560923,30,5180
2019-11-02T01:32:05.000Z,138.938285,40.561478,30,5130
2019-11-02T01:32:16.000Z,138.939228,40.562037,30,5230
2019-11-02T01:32:23.000Z,138.93968700000002,40.562322,30,5100
2019-11-02T01:32:34.000Z,138.940545,40.56282,30,5240
2019-11-02T01:32:53.000Z,138.942022,40.563717,30,5130
2019-11-02T01:33:03.000Z,138.942812,40.564165,30,5250
2019-11-02T01:33:10.000Z,138.943355,40.5645,30,5130
2019-11-02T01:33:23.000Z,138.944372,40.565107,30,5140
2019-11-02T01:33:29.000Z,138.944843,40.565382,30,5210
2019-11-02T01:33:36.000Z,138.945233,40.56561,30,5210
2019-11-02T01:33:46.000Z,138.946258,40.566218,30,5240
2019-11-02T01:33:53.000Z,138.946725,40.5665,30,5190
2019-11-02T01:34:04.000Z,138.947583,40.567007,30,5330
2019-11-02T01:34:10.000Z,138.948045,40.567303,30,5100
2019-11-02T01:34:23.000Z,138.94907,40.567897,30,5310
2019-11-02T01:34:34.000Z,138.94991000000002,40.568417,30,5210
2019-11-02T01:34:40.000Z,138.950457,40.568742,30,5190
2019-11-02T01:34:50.000Z,138.95123,40.569215,30,5180
2019-11-02T01:35:02.000Z,138.952077,40.56972800000001,30,5130
2019-11-02T01:35:14.000Z,138.9531,40.570337,30,5160
2019-11-02T01:35:28.000Z,138.954102,40.57095,30,5180
2019-11-02T01:35:40.000Z,138.955093,40.571565,30,5090
2019-11-02T01:35:51.000Z,138.95586,40.57204,30,5110
2019-11-02T01:36:04.000Z,138.956875,40.572643,30,5160
2019-11-02T01:36:10.000Z,138.957318,40.572945,30,4940
2019-11-02T01:36:28.000Z,138.958733,40.573783,30,5220
2019-11-02T01:36:34.000Z,138.959198,40.57407,30,5040
2019-11-02T01:36:40.000Z,138.95973999999998,40.574395,30,5210
2019-11-02T01:36:53.000Z,138.960687,40.574963,30,5110
2019-11-02T01:37:22.000Z,138.96303799999998,40.576248,30,5440
2019-11-02T01:37:34.000Z,138.964003,40.576777,30,5490
2019-11-02T01:37:58.000Z,138.966045,40.577885,30,5410
2019-11-02T01:38:04.000Z,138.966465,40.578097,30,5460
2019-11-02T01:38:10.000Z,138.966953,40.578362,30,5360
2019-11-02T01:38:47.000Z,138.969955,40.579997,30,5440
2019-11-02T01:38:50.000Z,138.969955,40.579997,30,5440
2019-11-02T01:39:15.000Z,138.97225,40.581247,30,5600
2019-11-02T01:39:24.000Z,138.97305,40.581707,30,5330
2019-11-02T01:39:40.000Z,138.974348,40.582413,30,5260
2019-11-02T01:40:10.000Z,138.976718,40.583682,30,5400
2019-11-02T01:40:52.000Z,138.980123,40.585558,30,5460
2019-11-02T01:41:04.000Z,138.981092,40.586092,30,5400
2019-11-02T01:41:07.000Z,138.981092,40.586092,30,5400
2019-11-02T01:41:46.000Z,138.984477,40.587965,30,5440
2019-11-02T01:41:57.000Z,138.98535800000002,40.588452,30,5370
2019-11-02T01:42:10.000Z,138.986407,40.589022,30,5430
2019-11-02T01:43:16.000Z,138.99170800000002,40.591945,30,5410
2019-11-02T01:43:19.000Z,138.99170800000002,40.591945,30,5410
2019-11-02T01:43:34.000Z,138.993148,40.592745,30,5410
2019-11-02T01:43:52.000Z,138.99468000000002,40.59361,30,5410
2019-11-02T01:44:07.000Z,138.995798,40.594237,30,5470
2019-11-02T01:44:16.000Z,138.996528,40.59464000000001,30,5360
2019-11-02T01:44:34.000Z,138.99799299999998,40.595435,30,5400
2019-11-02T01:44:40.000Z,138.99856200000002,40.595742,30,5440
2019-11-02T01:45:04.000Z,139.000435,40.596763,30,5440
2019-11-02T01:45:10.000Z,139.000923,40.597037,30,5470
2019-11-02T01:45:22.000Z,139.001895,40.597585,30,5390
2019-11-02T01:45:24.000Z,139.001895,40.597585,30,5390
2019-11-02T01:45:34.000Z,139.00287,40.598122,30,5440
2019-11-02T01:45:47.000Z,139.003948,40.59868,30,5510
2019-11-02T01:46:04.000Z,139.00534299999998,40.599438,30,5470
2019-11-02T01:46:17.000Z,139.00643300000002,40.600007,30,5420
2019-11-02T01:46:41.000Z,139.008408,40.601077,30,5410
2019-11-02T01:46:50.000Z,139.008912,40.601342,30,5450
2019-11-02T01:47:05.000Z,139.01039699999998,40.60216,31,5470
2019-11-02T01:47:16.000Z,139.011295,40.602658,30,5460
2019-11-02T01:47:22.000Z,139.011792,40.602925,30,5450
2019-11-02T01:47:29.000Z,139.012118,40.603105,30,5420
2019-11-02T01:47:33.000Z,139.01236699999998,40.603237,30,5470
2019-11-02T01:47:55.000Z,139.01417,40.604247,30,5310
2019-11-02T01:48:10.000Z,139.015738,40.605087,30,5460
2019-11-02T01:48:22.000Z,139.01673799999998,40.605617,30,5550
2019-11-02T01:48:31.000Z,139.01731,40.60592800000001,30,5520
2019-11-02T01:48:43.000Z,139.018488,40.606548,30,5520
2019-11-02T01:48:53.000Z,139.019322,40.606997,30,5500
2019-11-02T01:49:04.000Z,139.020217,40.607487,30,5480
2019-11-02T01:49:12.000Z,139.020878,40.607838,30,5430
2019-11-02T01:49:20.000Z,139.021375,40.608108,30,5520
2019-11-02T01:49:22.000Z,139.02171,40.608292,30,5440
2019-11-02T01:49:34.000Z,139.022773,40.608873,30,5450
2019-11-02T01:49:40.000Z,139.02319,40.609098,30,5450
2019-11-02T01:49:58.000Z,139.024755,40.609935,30,5510
2019-11-02T01:50:10.000Z,139.025653,40.61043,30,5400
2019-11-02T01:50:22.000Z,139.026643,40.610962,30,5460
2019-11-02T01:50:34.000Z,139.02771299999998,40.611537,30,5480
2019-11-02T01:50:40.000Z,139.02811200000002,40.61176500000001,30,5370
2019-11-02T01:50:53.000Z,139.029195,40.612333,30,5400
2019-11-02T01:51:00.000Z,139.029767,40.61264,30,5420
2019-11-02T01:51:10.000Z,139.03056999999998,40.613095,30,5430
2019-11-02T01:51:22.000Z,139.031542,40.61363,30,5430
2019-11-02T01:51:32.000Z,139.032042,40.61389000000001,30,5520
2019-11-02T01:51:34.000Z,139.03253700000002,40.614157,30,5510
2019-11-02T01:51:40.000Z,139.03278,40.614295,30,5400
2019-11-02T01:52:04.000Z,139.034997,40.61548300000001,30,5380
2019-11-02T01:52:10.000Z,139.035475,40.615752,30,5360
2019-11-02T01:52:29.000Z,139.037022,40.6166,30,5440
2019-11-02T01:52:36.000Z,139.037582,40.616927,30,5360
2019-11-02T01:52:42.000Z,139.037832,40.617055,30,5440
2019-11-02T01:52:54.000Z,139.038698,40.617557,30,5210
2019-11-02T01:53:03.000Z,139.039455,40.617933,30,5600
2019-11-02T01:53:14.000Z,139.04075500000002,40.618627,30,5630
2019-11-02T01:53:21.000Z,139.041072,40.618803,30,5500
2019-11-02T01:53:30.000Z,139.042045,40.619325,30,5620
2019-11-02T01:53:46.000Z,139.04325500000002,40.619985,30,5510
2019-11-02T01:53:53.000Z,139.04384,40.620285,30,5450
2019-11-02T01:54:01.000Z,139.04431200000002,40.62055,30,5480
2019-11-02T01:54:16.000Z,139.045697,40.62130300000001,30,5480
2019-11-02T01:54:22.000Z,139.046178,40.62158,30,5380
2019-11-02T01:54:46.000Z,139.048168,40.622622,30,5620
2019-11-02T01:54:53.000Z,139.048738,40.622935,30,5460
2019-11-02T01:55:04.000Z,139.049668,40.623412,30,5560
2019-11-02T01:55:10.000Z,139.050152,40.623683,30,5410
2019-11-02T01:55:21.000Z,139.051042,40.624167,30,5470
2019-11-02T01:55:26.000Z,139.051125,40.624212,30,5410
2019-11-02T01:55:39.000Z,139.052517,40.62497800000001,30,5400
2019-11-02T01:55:46.000Z,139.0531,40.625285,30,5550
2019-11-02T01:55:53.000Z,139.053667,40.625602,30,5350
2019-11-02T01:56:04.000Z,139.054575,40.626087,30,5540
2019-11-02T01:56:14.000Z,139.055462,40.62657,30,5490
2019-11-02T01:56:28.000Z,139.056523,40.627137,30,5440
2019-11-02T01:56:41.000Z,139.057558,40.627713,30,5380
2019-11-02T01:56:58.000Z,139.058925,40.628473,30,5390
2019-11-02T01:57:10.000Z,139.059878,40.629,30,5360
2019-11-02T01:57:26.000Z,139.060925,40.629573,30,5480
2019-11-02T01:57:34.000Z,139.061782,40.630075,29,5290
2019-11-02T01:57:42.000Z,139.062525,40.630465,30,5450
2019-11-02T01:57:50.000Z,139.06276,40.630598,29,5400
2019-11-02T01:58:04.000Z,139.064187,40.63137,29,5400
2019-11-02T01:58:10.000Z,139.064663,40.631633,29,5480
2019-11-02T01:58:41.000Z,139.06714,40.632962,29,5440
2019-11-02T01:59:04.000Z,139.068983,40.63395,29,5440
2019-11-02T01:59:06.000Z,139.068983,40.63395,29,5440
2019-11-02T01:59:22.000Z,139.070492,40.634795,29,5350
2019-11-02T01:59:31.000Z,139.071117,40.635135,29,5420
2019-11-02T01:59:41.000Z,139.071893,40.635583,29,5360
2019-11-02T01:59:56.000Z,139.07308799999998,40.636247,29,5340
2019-11-02T02:00:10.000Z,139.07416,40.636853,29,5330
2019-11-02T02:00:28.000Z,139.075652,40.637698,29,5320
2019-11-02T02:00:36.000Z,139.076107,40.637947,29,5470
2019-11-02T02:00:47.000Z,139.077102,40.638463,29,5410
2019-11-02T02:01:15.000Z,139.07922299999998,40.639708,29,5240
2019-11-02T02:01:22.000Z,139.07983000000002,40.640052,29,5340
2019-11-02T02:01:30.000Z,139.080432,40.640402,29,5300
2019-11-02T02:01:35.000Z,139.080432,40.640402,29,5300
2019-11-02T02:01:40.000Z,139.081187,40.640827,29,5270
2019-11-02T02:01:58.000Z,139.08254499999998,40.641597,29,5200
2019-11-02T02:03:13.000Z,139.088188,40.644802,29,5280
2019-11-02T02:03:17.000Z,139.088268,40.644845,29,5280
2019-11-02T02:04:06.000Z,139.09233500000002,40.647148,29,5510
2019-11-02T02:04:27.000Z,139.09396,40.648095,29,5460
2019-11-02T02:04:34.000Z,139.09452199999998,40.648425,28,5300
2019-11-02T02:04:53.000Z,139.095877,40.649182,28,5220
2019-11-02T02:05:01.000Z,139.09651200000002,40.649515,29,5350
2019-11-02T02:05:34.000Z,139.099083,40.650972,28,5400
2019-11-02T02:06:31.000Z,139.10333799999998,40.653465,29,5220
2019-11-02T02:06:59.000Z,139.105463,40.654697,29,5280
2019-11-02T02:07:03.000Z,139.105463,40.654697,29,5280
2019-11-02T02:07:50.000Z,139.109353,40.656942,29,5340
2019-11-02T02:08:05.000Z,139.110502,40.657598,29,5150
2019-11-02T02:08:10.000Z,139.1109,40.657802,29,5440
2019-11-02T02:08:27.000Z,139.112198,40.658535,29,5370
2019-11-02T02:08:33.000Z,139.112668,40.658785,29,5430
2019-11-02T02:08:46.000Z,139.113653,40.659357,29,5350
2019-11-02T02:08:58.000Z,139.11455700000002,40.659898,29,5240
2019-11-02T02:09:04.000Z,139.115098,40.6602,29,5380
2019-11-02T02:09:10.000Z,139.115473,40.660425,29,5220
2019-11-02T02:09:23.000Z,139.116477,40.660972,29,5440
2019-11-02T02:09:26.000Z,139.116477,40.660972,29,5440
2019-11-02T02:09:53.000Z,139.118742,40.66232,29,5270
2019-11-02T02:10:04.000Z,139.119652,40.662857,29,5250
2019-11-02T02:10:10.000Z,139.12010700000002,40.66312,29,5290
2019-11-02T02:10:22.000Z,139.120932,40.663602,29,5240
2019-11-02T02:10:33.000Z,139.121767,40.664097,29,5210
2019-11-02T02:10:42.000Z,139.122473,40.664485,29,5330
2019-11-02T02:10:53.000Z,139.123323,40.664953,29,5410
2019-11-02T02:11:16.000Z,139.125203,40.665963,29,5530
2019-11-02T02:11:23.000Z,139.125665,40.666232,29,5350
2019-11-02T02:11:32.000Z,139.12635500000002,40.666615,29,5440
2019-11-02T02:11:44.000Z,139.12728700000002,40.667127,29,5430
2019-11-02T02:11:54.000Z,139.128127,40.667613,29,5250
2019-11-02T02:12:00.000Z,139.128367,40.667738,29,5410
2019-11-02T02:12:10.000Z,139.129357,40.66832,29,5350
2019-11-02T02:12:21.000Z,139.13011,40.668775,29,5170
2019-11-02T02:12:24.000Z,139.13011,40.668775,29,5170
2019-11-02T02:12:31.000Z,139.130873,40.66921,29,5300
2019-11-02T02:12:47.000Z,139.132103,40.669907,29,5460
2019-11-02T02:12:50.000Z,139.13239,40.670097,29,5230
2019-11-02T02:13:03.000Z,139.13331000000002,40.670613,29,5410
2019-11-02T02:13:10.000Z,139.133812,40.670947,29,5100
2019-11-02T02:13:22.000Z,139.134753,40.67145,29,5420
2019-11-02T02:13:34.000Z,139.135747,40.672018,29,5360
2019-11-02T02:13:41.000Z,139.13622,40.672273,29,5520
2019-11-02T02:13:52.000Z,139.137062,40.672755,29,5450
2019-11-02T02:14:04.000Z,139.13805200000002,40.673332,29,5220
2019-11-02T02:14:10.000Z,139.13851499999998,40.673572,29,5390
2019-11-02T02:14:22.000Z,139.13933500000002,40.674083,29,5180
2019-11-02T02:14:35.000Z,139.140333,40.674668,29,5030
2019-11-02T02:14:41.000Z,139.140797,40.674925,29,5260
2019-11-02T02:14:52.000Z,139.141642,40.67540200000001,29,5200
2019-11-02T02:15:04.000Z,139.14266,40.67594,29,5580
2019-11-02T02:15:10.000Z,139.143098,40.67622,29,5200
2019-11-02T02:15:22.000Z,139.143955,40.676678,29,5420
2019-11-02T02:15:35.000Z,139.144958,40.677248,29,5330
2019-11-02T02:15:38.000Z,139.144958,40.677248,29,5330
2019-11-02T02:15:47.000Z,139.14588500000002,40.677772,29,5360
2019-11-02T02:15:52.000Z,139.146248,40.677988,29,5240
2019-11-02T02:16:04.000Z,139.147258,40.678537,29,5370
2019-11-02T02:16:16.000Z,139.14818300000002,40.67906,29,5350
2019-11-02T02:16:22.000Z,139.148558,40.679288,29,5300
2019-11-02T02:16:35.000Z,139.149563,40.67986,29,5220
2019-11-02T02:16:47.000Z,139.15049299999998,40.680382,29,5320
2019-11-02T02:16:52.000Z,139.15087,40.680615,29,5240
2019-11-02T02:17:06.000Z,139.15195,40.681207,29,5350
2019-11-02T02:17:10.000Z,139.15231699999998,40.681443,29,5110
2019-11-02T02:17:29.000Z,139.153673,40.682253,29,5150
2019-11-02T02:17:32.000Z,139.153673,40.682253,29,5150
2019-11-02T02:17:35.000Z,139.154122,40.68252,29,5270
2019-11-02T02:17:47.000Z,139.15504,40.68306,29,5300
2019-11-02T02:17:52.000Z,139.15541000000002,40.683288,29,5120
2019-11-02T02:18:04.000Z,139.15641499999998,40.683872,29,5190
2019-11-02T02:18:10.000Z,139.15687,40.684148,29,5130
2019-11-02T02:18:21.000Z,139.157652,40.684598,29,5310
2019-11-02T02:18:33.000Z,139.158575,40.685142,29,5250
2019-11-02T02:18:47.000Z,139.15966799999998,40.685762,29,5320
2019-11-02T02:18:53.000Z,139.160128,40.686027,29,5330
2019-11-02T02:19:02.000Z,139.16062,40.68627,29,5550
2019-11-02T02:19:10.000Z,139.161527,40.6868,29,5360
2019-11-02T02:19:22.000Z,139.162377,40.68728,29,5260
2019-11-02T02:19:32.000Z,139.163225,40.687778,29,5210
2019-11-02T02:19:42.000Z,139.163923,40.68817,29,5300
2019-11-02T02:19:47.000Z,139.164313,40.6884,29,5270
2019-11-02T02:19:52.000Z,139.164707,40.68863,29,5270
2019-11-02T02:20:02.000Z,139.16546,40.689068,29,5320
2019-11-02T02:20:10.000Z,139.166158,40.68947,29,5280
2019-11-02T02:20:26.000Z,139.167002,40.68998,29,5200
2019-11-02T02:20:34.000Z,139.16798,40.690578,29,5140
2019-11-02T02:20:44.000Z,139.168668,40.690995,29,5140
2019-11-02T02:20:52.000Z,139.16925700000002,40.691363,29,5080
2019-11-02T02:21:00.000Z,139.1698,40.691675,29,5130
2019-11-02T02:21:10.000Z,139.17068500000002,40.69225,29,4990
2019-11-02T02:21:22.000Z,139.171387,40.692645,29,5290
2019-11-02T02:21:32.000Z,139.172287,40.69318300000001,28,5260
2019-11-02T02:21:41.000Z,139.172975,40.693582,29,5240
2019-11-02T02:21:44.000Z,139.172975,40.693582,29,5240
2019-11-02T02:21:51.000Z,139.173588,40.693923,29,5420
2019-11-02T02:22:02.000Z,139.174633,40.694552,28,5180
2019-11-02T02:22:16.000Z,139.17568300000002,40.695175,28,5090
2019-11-02T02:22:20.000Z,139.17590800000002,40.695308,28,5140
2019-11-02T02:22:32.000Z,139.176818,40.695838,28,5040
2019-11-02T02:22:43.000Z,139.17768,40.69631,29,5400
2019-11-02T02:22:50.000Z,139.178272,40.696683,28,5250
2019-11-02T02:23:02.000Z,139.179195,40.697215,29,5280
2019-11-02T02:23:14.000Z,139.18003000000002,40.697692,29,5350
2019-11-02T02:23:22.000Z,139.180653,40.69805,29,5220
2019-11-02T02:23:32.000Z,139.181415,40.698488,29,5270
2019-11-02T02:23:37.000Z,139.18164,40.69863,29,5210
2019-11-02T02:23:42.000Z,139.18188,40.698757,29,5400
2019-11-02T02:23:53.000Z,139.18303,40.699427,29,5370
2019-11-02T02:24:06.000Z,139.183873,40.699925,29,5170
2019-11-02T02:24:12.000Z,139.184495,40.700273,29,5380
2019-11-02T02:24:23.000Z,139.185312,40.700778,29,5010
2019-11-02T02:24:30.000Z,139.185878,40.701065,29,5490
2019-11-02T02:24:44.000Z,139.187027,40.701728,29,5380
2019-11-02T02:24:53.000Z,139.187648,40.70208,29,5350
2019-11-02T02:25:07.000Z,139.188515,40.702552,29,5580
2019-11-02T02:25:14.000Z,139.189352,40.703047,29,5220
2019-11-02T02:25:21.000Z,139.18966799999998,40.703208,29,5360
2019-11-02T02:25:30.000Z,139.19061499999998,40.703735,29,5320
2019-11-02T02:25:47.000Z,139.191882,40.70442,29,5230
2019-11-02T02:25:50.000Z,139.191882,40.70442,29,5230
2019-11-02T02:25:53.000Z,139.19235,40.704685,29,5320
2019-11-02T02:26:11.000Z,139.193725,40.705475,29,5160
2019-11-02T02:26:23.000Z,139.194648,40.706027,29,5200
2019-11-02T02:26:41.000Z,139.196038,40.70684,29,5310
2019-11-02T02:26:50.000Z,139.19671499999998,40.707275,29,5030
2019-11-02T02:27:03.000Z,139.197715,40.70786500000001,29,5140
2019-11-02T02:27:15.000Z,139.198648,40.70838300000001,29,5370
2019-11-02T02:27:25.000Z,139.19941200000002,40.708833,29,5240
2019-11-02T02:27:34.000Z,139.200218,40.709257,29,5440
2019-11-02T02:27:41.000Z,139.20065300000002,40.709538,29,5120
2019-11-02T02:27:52.000Z,139.201523,40.710007,29,5270
2019-11-02T02:28:04.000Z,139.202452,40.710553,29,5400
2019-11-02T02:28:11.000Z,139.203003,40.710878,29,5300
2019-11-02T02:28:29.000Z,139.204395,40.71169,29,5180
2019-11-02T02:28:34.000Z,139.204858,40.711967,29,5230
2019-11-02T02:28:41.000Z,139.20531699999998,40.712235,29,5200
2019-11-02T02:28:56.000Z,139.206168,40.712738,30,5190
2019-11-02T02:29:04.000Z,139.207092,40.7133,30,5120
2019-11-02T02:29:11.000Z,139.207645,40.713612,30,5250
2019-11-02T02:29:19.000Z,139.208102,40.713895,29,5160
2019-11-02T02:29:22.000Z,139.20848999999998,40.714133,30,5120
2019-11-02T02:29:42.000Z,139.21013,40.715095,30,5250
2019-11-02T02:29:53.000Z,139.210748,40.715462,30,5220
2019-11-02T02:30:03.000Z,139.211732,40.715968,30,5650
2019-11-02T02:30:22.000Z,139.213207,40.71681,29,5260
2019-11-02T02:30:30.000Z,139.213575,40.717048,29,5120
2019-11-02T02:30:41.000Z,139.21463799999998,40.717687,29,5130
2019-11-02T02:30:52.000Z,139.215552,40.718252,29,5190
2019-11-02T02:31:04.000Z,139.21636,40.71877,29,4960
2019-11-02T02:31:10.000Z,139.216817,40.719057,29,5060
2019-11-02T02:31:22.000Z,139.217705,40.71962,29,5100
2019-11-02T02:31:34.000Z,139.218677,40.72024,29,5030
2019-11-02T02:31:47.000Z,139.21956699999998,40.720815,29,4970
2019-11-02T02:31:52.000Z,139.22001799999998,40.72109,29,5050
2019-11-02T02:32:04.000Z,139.220855,40.721603,29,5220
2019-11-02T02:32:16.000Z,139.221857,40.722202,29,5240
2019-11-02T02:32:22.000Z,139.222242,40.72243,29,5260
2019-11-02T02:32:34.000Z,139.22321499999998,40.723028,29,5190
2019-11-02T02:32:41.000Z,139.223683,40.723298,29,5240
2019-11-02T02:32:50.000Z,139.224377,40.723712,29,5210
2019-11-02T02:33:11.000Z,139.226,40.724663,29,5270
2019-11-02T02:33:20.000Z,139.22646,40.724937,29,5260
2019-11-02T02:33:31.000Z,139.227308,40.725432,29,5220
2019-11-02T02:33:34.000Z,139.22784,40.72575300000001,29,5180
2019-11-02T02:33:47.000Z,139.22879,40.72628,29,5400
2019-11-02T02:33:54.000Z,139.22924,40.72656,29,5130
2019-11-02T02:34:02.000Z,139.229963,40.72695,29,5280
2019-11-02T02:34:11.000Z,139.230658,40.727352,29,5350
2019-11-02T02:34:22.000Z,139.23151,40.727842,29,5290
2019-11-02T02:34:34.000Z,139.23253,40.728398,29,5390
2019-11-02T02:34:47.000Z,139.233477,40.7289,29,5530
2019-11-02T02:34:52.000Z,139.233947,40.729177,29,5350
2019-11-02T02:35:04.000Z,139.234815,40.72964,29,5510
2019-11-02T02:35:13.000Z,139.235523,40.73004,29,5430
2019-11-02T02:35:20.000Z,139.236083,40.73034000000001,29,5430
2019-11-02T02:35:34.000Z,139.23726499999998,40.730977,29,5450
2019-11-02T02:35:44.000Z,139.23796299999998,40.731373,29,5390
2019-11-02T02:35:50.000Z,139.23844499999998,40.731617,29,5530
2019-11-02T02:36:02.000Z,139.23936799999998,40.732142,29,5280
2019-11-02T02:36:19.000Z,139.2407,40.732885,29,5190
2019-11-02T02:36:25.000Z,139.24103200000002,40.733038,29,5530
2019-11-02T02:36:34.000Z,139.241883,40.733508,29,5300
2019-11-02T02:36:46.000Z,139.242822,40.734012,29,5480
2019-11-02T02:36:52.000Z,139.24336200000002,40.734325,29,5370
2019-11-02T02:37:05.000Z,139.244312,40.734833,29,5430
2019-11-02T02:37:10.000Z,139.244702,40.735052,29,5360
2019-11-02T02:37:22.000Z,139.24574199999998,40.735595,29,5620
2019-11-02T02:37:35.000Z,139.24669,40.73611500000001,29,5470
2019-11-02T02:37:38.000Z,139.24669,40.73611500000001,29,5470
2019-11-02T02:37:41.000Z,139.24716,40.73637700000001,29,5400
2019-11-02T02:37:52.000Z,139.248092,40.736898,29,5290
2019-11-02T02:38:10.000Z,139.249415,40.73763,29,5340
2019-11-02T02:38:20.000Z,139.25026699999998,40.73811,29,5330
2019-11-02T02:38:35.000Z,139.251345,40.73872,29,5360
2019-11-02T02:38:42.000Z,139.251588,40.738848,29,5410
2019-11-02T02:38:50.000Z,139.252273,40.739243,29,5280
2019-11-02T02:39:00.000Z,139.253287,40.739785,28,5430
2019-11-02T02:39:12.000Z,139.254228,40.740292,29,5520
2019-11-02T02:39:22.000Z,139.255068,40.74076,28,5440
2019-11-02T02:39:33.000Z,139.255825,40.741183,28,5280
2019-11-02T02:39:41.000Z,139.256447,40.741515,29,5480
2019-11-02T02:39:52.000Z,139.25735,40.742043,28,5120
2019-11-02T02:40:01.000Z,139.25784199999998,40.742283,29,5560
2019-11-02T02:40:10.000Z,139.258748,40.742803,28,5310
2019-11-02T02:40:13.000Z,139.25851200000002,40.74267800000001,28,5220
2019-11-02T02:40:27.000Z,139.259995,40.743477,28,5380
2019-11-02T02:40:35.000Z,139.26063200000002,40.743805,29,5440
2019-11-02T02:40:45.000Z,139.261403,40.744228,28,5410
2019-11-02T02:40:52.000Z,139.262027,40.744562,29,5450
2019-11-02T02:41:04.000Z,139.26294,40.745078,28,5340
2019-11-02T02:41:13.000Z,139.263645,40.745458,29,5510
2019-11-02T02:41:22.000Z,139.264323,40.745857,28,5230
2019-11-02T02:41:36.000Z,139.265262,40.74636,29,5360
2019-11-02T02:41:41.000Z,139.26570800000002,40.746612,28,5380
2019-11-02T02:41:50.000Z,139.266525,40.747003,29,5640
2019-11-02T02:42:02.000Z,139.26745,40.747495,28,5490
2019-11-02T02:42:12.000Z,139.26793999999998,40.747725,29,5740
2019-11-02T02:42:28.000Z,139.26951499999998,40.74853,28,5750
2019-11-02T02:42:38.000Z,139.269987,40.748777,28,5650
2019-11-02T02:42:48.000Z,139.270778,40.749185,28,5640
2019-11-02T02:42:55.000Z,139.271555,40.7496,28,5440
2019-11-02T02:43:04.000Z,139.272345,40.750003,29,5650
2019-11-02T02:43:13.000Z,139.272967,40.750335,28,5460
2019-11-02T02:43:26.000Z,139.27383,40.750788,29,5550
2019-11-02T02:43:35.000Z,139.274682,40.751218,28,5460
2019-11-02T02:43:46.000Z,139.27555800000002,40.751632,29,5630
2019-11-02T02:43:52.000Z,139.27600800000002,40.751882,28,5240
2019-11-02T02:44:02.000Z,139.27678500000002,40.752297,29,5620
2019-11-02T02:44:17.000Z,139.27792,40.752987,28,5430
2019-11-02T02:44:22.000Z,139.278317,40.753195,29,5550
2019-11-02T02:44:35.000Z,139.279315,40.75376,28,5330
2019-11-02T02:44:40.000Z,139.2798,40.753997,28,5580
2019-11-02T02:44:52.000Z,139.280715,40.754517,29,5300
2019-11-02T02:45:04.000Z,139.281657,40.755027,29,5430
2019-11-02T02:45:11.000Z,139.28211000000002,40.755283,29,5400
2019-11-02T02:45:20.000Z,139.282585,40.755537,29,5430
2019-11-02T02:45:22.000Z,139.28298999999998,40.75574,29,5500
2019-11-02T02:45:30.000Z,139.283692,40.756128,29,5470
2019-11-02T02:45:46.000Z,139.284887,40.75675800000001,29,5560
2019-11-02T02:45:52.000Z,139.285428,40.757063,29,5420
2019-11-02T02:46:04.000Z,139.286395,40.75756,29,5640
2019-11-02T02:46:13.000Z,139.286875,40.757817,29,5500
2019-11-02T02:46:22.000Z,139.287757,40.75827,29,5580
2019-11-02T02:46:34.000Z,139.288737,40.758755,29,5620
2019-11-02T02:46:43.000Z,139.28946499999998,40.759125,29,5660
2019-11-02T02:46:50.000Z,139.290023,40.759405,29,5570
2019-11-02T02:47:04.000Z,139.29115,40.759975,29,5710
2019-11-02T02:47:11.000Z,139.29169199999998,40.760288,29,5380
2019-11-02T02:47:22.000Z,139.292652,40.760787,29,5600
2019-11-02T02:47:32.000Z,139.293118,40.761052,29,5380
2019-11-02T02:47:45.000Z,139.294385,40.76172,29,5390
2019-11-02T02:47:52.000Z,139.294942,40.762008,29,5520
2019-11-02T02:48:11.000Z,139.29646,40.762818,29,5510
2019-11-02T02:48:22.000Z,139.29741299999998,40.763318,29,5580
2019-11-02T02:48:34.000Z,139.29828500000002,40.763775,29,5500
2019-11-02T02:48:40.000Z,139.298847,40.764062,29,5620
2019-11-02T02:48:59.000Z,139.300277,40.764822,29,5590
2019-11-02T02:49:11.000Z,139.30122,40.765333,29,5400
2019-11-02T02:49:14.000Z,139.30122,40.765333,29,5400
2019-11-02T02:49:22.000Z,139.302183,40.765833,29,5460
2019-11-02T02:49:34.000Z,139.303072,40.766275,29,5650
2019-11-02T02:49:40.000Z,139.303618,40.76658,29,5460
2019-11-02T02:49:52.000Z,139.304573,40.767087,29,5620
2019-11-02T02:50:04.000Z,139.30527,40.76746,29,5490
2019-11-02T02:50:22.000Z,139.30696799999998,40.768345,29,5540
2019-11-02T02:50:34.000Z,139.307848,40.7688,29,5400
2019-11-02T02:50:40.000Z,139.3084,40.76909000000001,29,5560
2019-11-02T02:50:52.000Z,139.309377,40.769598,29,5490
2019-11-02T02:51:06.000Z,139.31018,40.770012,29,5630
2019-11-02T02:51:15.000Z,139.31112199999998,40.77052,29,5340
2019-11-02T02:51:24.000Z,139.31186200000002,40.770868,29,5720
2019-11-02T02:51:30.000Z,139.312103,40.77099000000001,29,5690
2019-11-02T02:51:49.000Z,139.313682,40.771833,29,5610
2019-11-02T02:51:55.000Z,139.31406299999998,40.772058,29,5370
2019-11-02T02:51:59.000Z,139.31464499999998,40.772332,29,5650
2019-11-02T02:52:04.000Z,139.315043,40.77255200000001,29,5500
2019-11-02T02:52:11.000Z,139.315598,40.772852,29,5500
2019-11-02T02:52:22.000Z,139.316562,40.773353,29,5400
2019-11-02T02:52:34.000Z,139.31753700000002,40.773867,29,5540
2019-11-02T02:52:40.000Z,139.318005,40.774125,29,5470
2019-11-02T02:52:53.000Z,139.31898700000002,40.774635,29,5530
2019-11-02T02:53:01.000Z,139.31964,40.774957,30,5570
2019-11-02T02:53:13.000Z,139.32041999999998,40.775397,30,5550
2019-11-02T02:53:22.000Z,139.32138,40.775935,30,5380
2019-11-02T02:53:33.000Z,139.322265,40.776407,29,5460
2019-11-02T02:53:41.000Z,139.322672,40.776628,30,5450
2019-11-02T02:53:52.000Z,139.323798,40.777235,29,5420
2019-11-02T02:54:00.000Z,139.32445800000002,40.777577,30,5510
2019-11-02T02:54:11.000Z,139.325095,40.77792700000001,30,5440
2019-11-02T02:54:22.000Z,139.326148,40.77846,30,5460
2019-11-02T02:54:40.000Z,139.327622,40.77923,30,5510
2019-11-02T02:54:50.000Z,139.32820800000002,40.779517,30,5660
2019-11-02T02:55:00.000Z,139.329023,40.779942,30,5520
2019-11-02T02:55:17.000Z,139.330658,40.780785,30,5560
2019-11-02T02:55:26.000Z,139.331407,40.781168,30,5630
2019-11-02T02:55:36.000Z,139.331878,40.781433,30,5450
2019-11-02T02:55:44.000Z,139.332537,40.781753,30,5690
2019-11-02T02:55:53.000Z,139.333585,40.78232,30,5500
2019-11-02T02:56:02.000Z,139.334007,40.782527,30,5660
2019-11-02T02:56:13.000Z,139.33496499999998,40.783058,30,5470
2019-11-02T02:56:28.000Z,139.33643500000002,40.783838,30,5340
2019-11-02T02:56:35.000Z,139.337007,40.784125,30,5600
2019-11-02T02:56:40.000Z,139.337407,40.784318,30,5570
2019-11-02T02:56:50.000Z,139.33823,40.784758,30,5550
2019-11-02T02:57:02.000Z,139.339213,40.785268,30,5620
2019-11-02T02:57:17.000Z,139.34044699999998,40.785918,30,5630
2019-11-02T02:57:24.000Z,139.34078200000002,40.786077,30,5680
2019-11-02T02:57:52.000Z,139.343408,40.787423,30,5600
2019-11-02T02:58:04.000Z,139.344392,40.78793,30,5620
2019-11-02T02:58:17.000Z,139.34536699999998,40.788447,30,5500
2019-11-02T02:58:23.000Z,139.34586000000002,40.78869,30,5640
2019-11-02T02:58:30.000Z,139.346265,40.7889,30,5520
2019-11-02T02:58:40.000Z,139.34732,40.78946,30,5570
2019-11-02T02:58:52.000Z,139.348272,40.789997,30,5440
2019-11-02T02:59:04.000Z,139.34923500000002,40.790522,30,5480
2019-11-02T02:59:09.000Z,139.34923500000002,40.790522,30,5480
2019-11-02T02:59:14.000Z,139.349703,40.79078300000001,30,5360
2019-11-02T02:59:23.000Z,139.350683,40.791305,29,5460
2019-11-02T02:59:34.000Z,139.351628,40.791848,30,5350
2019-11-02T02:59:42.000Z,139.351938,40.792018,29,5360
2019-11-02T02:59:52.000Z,139.353027,40.792638,29,5380
2019-11-02T02:59:58.000Z,139.35341499999998,40.792868,29,5240
2019-11-02T03:00:03.000Z,139.353813,40.793087,29,5370
2019-11-02T03:00:14.000Z,139.354432,40.793447,29,5290
2019-11-02T03:00:22.000Z,139.355278,40.793947,29,5230
2019-11-02T03:00:29.000Z,139.355598,40.794118,29,5330
2019-11-02T03:00:36.000Z,139.356367,40.794573,29,5200
2019-11-02T03:00:40.000Z,139.356675,40.79476,29,5150
2019-11-02T03:00:46.000Z,139.35699499999998,40.794938,29,5260
2019-11-02T03:00:50.000Z,139.357227,40.795077,29,5260
2019-11-02T03:00:55.000Z,139.35761200000002,40.795293,29,5300
2019-11-02T03:01:02.000Z,139.358063,40.795577,29,5160
2019-11-02T03:01:23.000Z,139.360003,40.796715,29,5280
2019-11-02T03:01:27.000Z,139.36038200000002,40.796947,29,5250
2019-11-02T03:01:32.000Z,139.36070700000002,40.797118,29,5330
2019-11-02T03:01:34.000Z,139.360942,40.797255,29,5290
2019-11-02T03:01:40.000Z,139.36133999999998,40.79748,30,5270
2019-11-02T03:01:46.000Z,139.361878,40.797783,29,5310
2019-11-02T03:01:53.000Z,139.362345,40.79805,29,5320
2019-11-02T03:01:58.000Z,139.36274,40.798275,29,5300
2019-11-02T03:02:00.000Z,139.362977,40.798407,29,5320
2019-11-02T03:02:05.000Z,139.363283,40.798597,29,5200
2019-11-02T03:02:10.000Z,139.36377,40.798848,30,5430
2019-11-02T03:02:17.000Z,139.364227,40.79912,29,5240
2019-11-02T03:02:23.000Z,139.364688,40.79940300000001,29,5290
2019-11-02T03:02:27.000Z,139.365022,40.799573,30,5400
2019-11-02T03:02:34.000Z,139.365572,40.799895,29,5270
2019-11-02T03:02:40.000Z,139.366053,40.800158,30,5370
2019-11-02T03:02:46.000Z,139.366593,40.80047,29,5300
2019-11-02T03:02:53.000Z,139.36705,40.800745,29,5180
2019-11-02T03:02:58.000Z,139.367445,40.80097,30,5300
2019-11-02T03:03:05.000Z,139.367997,40.801277,29,5360
2019-11-02T03:03:10.000Z,139.368227,40.801417,29,5300
2019-11-02T03:03:15.000Z,139.368782,40.801748,30,5290
2019-11-02T03:03:23.000Z,139.369415,40.802093,30,5330
2019-11-02T03:03:28.000Z,139.3698,40.80232700000001,30,5290
2019-11-02T03:03:34.000Z,139.370282,40.802587,30,5380
2019-11-02T03:03:40.000Z,139.37074199999998,40.802867,29,5160
2019-11-02T03:03:46.000Z,139.37128700000002,40.803185,29,5230
2019-11-02T03:03:53.000Z,139.371752,40.803465,29,5240
2019-11-02T03:04:02.000Z,139.3722,40.80374000000001,29,5190
2019-11-02T03:04:16.000Z,139.373607,40.804567,29,5130
2019-11-02T03:04:23.000Z,139.374078,40.804832,29,5260
2019-11-02T03:04:28.000Z,139.37447,40.805067,29,5170
2019-11-02T03:04:30.000Z,139.374705,40.805208,29,5120
2019-11-02T03:04:36.000Z,139.374942,40.805348,29,5160
2019-11-02T03:04:40.000Z,139.37540800000002,40.80563,30,5150
2019-11-02T03:04:45.000Z,139.37587,40.805898,29,5180
2019-11-02T03:04:53.000Z,139.376402,40.806217,29,5220
2019-11-02T03:04:56.000Z,139.376703,40.80642,30,5010
2019-11-02T03:05:03.000Z,139.377178,40.806692,30,5290
2019-11-02T03:05:06.000Z,139.37740300000002,40.806823,29,5270
2019-11-02T03:05:12.000Z,139.377937,40.807153,30,5110
2019-11-02T03:05:16.000Z,139.378248,40.807343,30,5110
2019-11-02T03:05:20.000Z,139.37848799999998,40.807472,29,5310
2019-11-02T03:05:25.000Z,139.378733,40.807592,29,5470
2019-11-02T03:05:28.000Z,139.379105,40.807827,29,5140
2019-11-02T03:05:34.000Z,139.37955300000002,40.808125,30,5010
2019-11-02T03:05:46.000Z,139.38046699999998,40.808687,29,5010
2019-11-02T03:05:53.000Z,139.38101,40.809015,29,5120
2019-11-02T03:05:58.000Z,139.381473,40.809293,29,5130
2019-11-02T03:06:04.000Z,139.381935,40.809568,29,5170
2019-11-02T03:06:10.000Z,139.38232,40.809795,30,5110
2019-11-02T03:06:16.000Z,139.38284299999998,40.81013,29,5070
2019-11-02T03:06:23.000Z,139.38331499999998,40.810407,29,5190
2019-11-02T03:06:28.000Z,139.383702,40.810637,30,5130
2019-11-02T03:06:34.000Z,139.38415700000002,40.810917,30,5160
2019-11-02T03:06:41.000Z,139.384715,40.811227,29,5270
2019-11-02T03:06:46.000Z,139.38510300000002,40.811467,30,5080
2019-11-02T03:06:53.000Z,139.385648,40.811792,29,5210
2019-11-02T03:06:58.000Z,139.38611,40.812067,30,5240
2019-11-02T03:07:10.000Z,139.386953,40.812592,30,5100
2019-11-02T03:07:16.000Z,139.387497,40.812913,30,5210
2019-11-02T03:07:23.000Z,139.38797,40.813187,30,5250
2019-11-02T03:07:29.000Z,139.38849299999998,40.813517,29,5020
2019-11-02T03:07:33.000Z,139.388735,40.813645,30,5190
2019-11-02T03:07:39.000Z,139.389228,40.8139,30,5460
2019-11-02T03:07:42.000Z,139.38945800000002,40.81404000000001,30,5270
2019-11-02T03:07:46.000Z,139.38975200000002,40.814247,30,5010
2019-11-02T03:07:53.000Z,139.390315,40.814552,30,5310
2019-11-02T03:07:58.000Z,139.39078999999998,40.814812,30,5340
2019-11-02T03:08:02.000Z,139.39108000000002,40.81502,29,5000
2019-11-02T03:08:10.000Z,139.391635,40.815333,29,5330
2019-11-02T03:08:15.000Z,139.392115,40.815595,29,5390
2019-11-02T03:08:22.000Z,139.392557,40.815887,30,5040
2019-11-02T03:08:28.000Z,139.393032,40.816138,29,5440
2019-11-02T03:08:34.000Z,139.393485,40.816412,29,5260
2019-11-02T03:08:47.000Z,139.394472,40.817032,29,5020
2019-11-02T03:08:53.000Z,139.394948,40.817297,29,5280
2019-11-02T03:08:56.000Z,139.39518,40.81743,29,5230
2019-11-02T03:08:58.000Z,139.39539299999998,40.817577,29,5090
2019-11-02T03:09:04.000Z,139.395603,40.81773,29,4800
2019-11-02T03:09:08.000Z,139.39584,40.817862,29,4940
2019-11-02T03:09:16.000Z,139.396472,40.818205,29,5260
2019-11-02T03:09:24.000Z,139.397373,40.81877,29,5260
2019-11-02T03:09:28.000Z,139.397685,40.818947,29,5350
2019-11-02T03:09:34.000Z,139.398042,40.819197,29,4940
2019-11-02T03:09:40.000Z,139.398507,40.819467,29,5110
2019-11-02T03:09:46.000Z,139.398968,40.819698,29,5170
2019-11-02T03:09:50.000Z,139.399337,40.819913,29,5070
2019-11-02T03:09:58.000Z,139.399968,40.820295,29,5260
2019-11-02T03:10:06.000Z,139.400593,40.82068,29,5170
2019-11-02T03:10:16.000Z,139.40128700000002,40.821098,29,5330
2019-11-02T03:10:25.000Z,139.401978,40.821518,29,5130
2019-11-02T03:10:30.000Z,139.402278,40.821713,29,4990
2019-11-02T03:10:33.000Z,139.402595,40.821883,29,5270
2019-11-02T03:10:40.000Z,139.40313999999998,40.822197,29,5250
2019-11-02T03:10:45.000Z,139.403592,40.822475,29,5100
2019-11-02T03:10:52.000Z,139.40406299999998,40.822738,29,5330
2019-11-02T03:10:58.000Z,139.404607,40.823063,29,5190
2019-11-02T03:11:04.000Z,139.405075,40.823333,29,5220
2019-11-02T03:11:16.000Z,139.40593700000002,40.823845,29,5280
2019-11-02T03:11:23.000Z,139.406318,40.82407,29,5230
2019-11-02T03:11:28.000Z,139.406927,40.824442,29,5170
2019-11-02T03:11:42.000Z,139.407942,40.82503300000001,30,5040
2019-11-02T03:11:47.000Z,139.408183,40.825167,29,5130
2019-11-02T03:11:52.000Z,139.408732,40.82548,29,5260
2019-11-02T03:11:59.000Z,139.409258,40.825817,29,5100
2019-11-02T03:12:06.000Z,139.409887,40.826177,29,5210
2019-11-02T03:12:14.000Z,139.410202,40.82635,29,5330
2019-11-02T03:12:18.000Z,139.410425,40.826492,30,5160
2019-11-02T03:12:29.000Z,139.411365,40.827038,29,5300
2019-11-02T03:12:32.000Z,139.411598,40.827177,29,5270
2019-11-02T03:12:40.000Z,139.412505,40.827738,29,5140
2019-11-02T03:12:53.000Z,139.413448,40.82827,29,5310
2019-11-02T03:12:58.000Z,139.4139,40.828553,29,5150
2019-11-02T03:13:03.000Z,139.414205,40.828742,30,5150
2019-11-02T03:13:08.000Z,139.414682,40.829003,29,5350
2019-11-02T03:13:18.000Z,139.415145,40.82927700000001,29,5170
2019-11-02T03:13:21.000Z,139.415368,40.829415,29,5120
2019-11-02T03:13:27.000Z,139.415922,40.829715,29,5340
2019-11-02T03:13:32.000Z,139.41654,40.830085,29,5180
2019-11-02T03:13:40.000Z,139.417183,40.83043,29,5480
2019-11-02T03:13:46.000Z,139.417632,40.830722,29,5170
2019-11-02T03:13:52.000Z,139.41808799999998,40.830998,29,5140
2019-11-02T03:13:58.000Z,139.41855800000002,40.831252,29,5330
2019-11-02T03:14:04.000Z,139.418923,40.831497,29,5070
2019-11-02T03:14:10.000Z,139.419485,40.8318,29,5260
2019-11-02T03:14:16.000Z,139.419858,40.83204,29,5130
2019-11-02T03:14:22.000Z,139.42039,40.832367,29,5130
2019-11-02T03:14:29.000Z,139.420848,40.832642,29,5080
2019-11-02T03:14:35.000Z,139.421312,40.832922,29,5140
2019-11-02T03:14:40.000Z,139.421772,40.833193,29,5170
2019-11-02T03:14:45.000Z,139.422155,40.833432,29,5070
2019-11-02T03:14:52.000Z,139.42268700000002,40.833763,29,5150
2019-11-02T03:14:58.000Z,139.42315,40.834037,30,5220
2019-11-02T03:15:04.000Z,139.423537,40.83427,30,5150
2019-11-02T03:15:10.000Z,139.424063,40.834603,30,5080
2019-11-02T03:15:19.000Z,139.424467,40.834825,29,5280
2019-11-02T03:15:29.000Z,139.425468,40.83543,30,5160
2019-11-02T03:15:35.000Z,139.425963,40.835675,29,5460
2019-11-02T03:15:40.000Z,139.426422,40.835948,29,5220
2019-11-02T03:15:46.000Z,139.42682,40.836177,30,5320
2019-11-02T03:15:52.000Z,139.42739699999998,40.836468,29,5490
2019-11-02T03:16:03.000Z,139.427858,40.836745,29,5300
2019-11-02T03:16:08.000Z,139.428253,40.83697,30,5300
2019-11-02T03:16:16.000Z,139.429212,40.837497,29,5290
2019-11-02T03:16:29.000Z,139.43025500000002,40.838063,30,5440
2019-11-02T03:16:35.000Z,139.43071799999998,40.838328,30,5300
2019-11-02T03:16:42.000Z,139.431028,40.838512,30,5290
2019-11-02T03:16:45.000Z,139.431353,40.83869,30,5370
2019-11-02T03:16:49.000Z,139.431905,40.83900300000001,30,5390
2019-11-02T03:16:54.000Z,139.43229,40.839237,30,5240
2019-11-02T03:16:58.000Z,139.43261,40.839418,29,5210
2019-11-02T03:17:03.000Z,139.433028,40.839633,30,5380
2019-11-02T03:17:10.000Z,139.43356200000002,40.839952,29,5230
2019-11-02T03:17:20.000Z,139.43395800000002,40.840178,29,5260
2019-11-02T03:17:29.000Z,139.43499,40.840753,30,5240
2019-11-02T03:17:35.000Z,139.435468,40.84101,30,5410
2019-11-02T03:17:41.000Z,139.43595,40.841268,30,5450
2019-11-02T03:17:46.000Z,139.436407,40.84155300000001,29,5200
2019-11-02T03:17:57.000Z,139.436867,40.841828,29,5280
2019-11-02T03:18:10.000Z,139.438277,40.842633,30,5370
2019-11-02T03:18:14.000Z,139.438515,40.84277,30,5340
2019-11-02T03:18:16.000Z,139.438738,40.84291500000001,30,5280
2019-11-02T03:18:22.000Z,139.439133,40.84314000000001,30,5220
2019-11-02T03:18:30.000Z,139.439528,40.843358,29,5340
2019-11-02T03:18:34.000Z,139.43983500000002,40.843538,29,5290
2019-11-02T03:18:41.000Z,139.44062,40.84399000000001,29,5360
2019-11-02T03:18:48.000Z,139.440928,40.844178,29,5250
2019-11-02T03:18:58.000Z,139.44200800000002,40.8448,29,5280
2019-11-02T03:19:05.000Z,139.44246,40.84508,29,5150
2019-11-02T03:19:14.000Z,139.442937,40.845335,29,5340
2019-11-02T03:19:18.000Z,139.443325,40.845555,29,5370
2019-11-02T03:19:22.000Z,139.443618,40.845748,29,5090
2019-11-02T03:19:28.000Z,139.444313,40.846153,29,5240
2019-11-02T03:19:32.000Z,139.44461299999998,40.84633,29,5260
2019-11-02T03:19:38.000Z,139.44483300000002,40.846463,29,5130
2019-11-02T03:19:46.000Z,139.445688,40.846948,29,5280
2019-11-02T03:19:52.000Z,139.446143,40.84721500000001,29,5200
2019-11-02T03:19:58.000Z,139.446593,40.847492,29,5170
2019-11-02T03:20:05.000Z,139.44706499999998,40.847752,29,5330
2019-11-02T03:20:10.000Z,139.447532,40.848025,29,5280
2019-11-02T03:20:19.000Z,139.447928,40.848245,29,5230
2019-11-02T03:20:29.000Z,139.448943,40.848817,29,5300
2019-11-02T03:20:39.000Z,139.449403,40.849085,29,5250
2019-11-02T03:20:44.000Z,139.449803,40.849305,29,5420
2019-11-02T03:20:53.000Z,139.450812,40.849887,29,5310
2019-11-02T03:20:58.000Z,139.451225,40.850097,30,5530
2019-11-02T03:21:10.000Z,139.45226200000002,40.850648,29,5600
2019-11-02T03:21:16.000Z,139.452665,40.850855,29,5590
2019-11-02T03:21:22.000Z,139.45311999999998,40.851133,29,5330
2019-11-02T03:21:29.000Z,139.453698,40.851415,29,5560
2019-11-02T03:21:32.000Z,139.45394,40.851545,29,5530
2019-11-02T03:21:40.000Z,139.454578,40.8519,30,5520
2019-11-02T03:21:45.000Z,139.45498700000002,40.852103,30,5540
2019-11-02T03:21:55.000Z,139.455512,40.852435,29,5210
2019-11-02T03:22:05.000Z,139.456552,40.853008,29,5210
2019-11-02T03:22:10.000Z,139.45701699999998,40.853273,29,5190
2019-11-02T03:22:16.000Z,139.457418,40.853483,29,5430
2019-11-02T03:22:24.000Z,139.458028,40.853853,29,5180
2019-11-02T03:22:29.000Z,139.458425,40.854085,29,5260
2019-11-02T03:22:34.000Z,139.458907,40.854355,30,5320
2019-11-02T03:22:38.000Z,139.459212,40.854533,29,5260
2019-11-02T03:22:45.000Z,139.459667,40.85481,29,5200
2019-11-02T03:22:52.000Z,139.46028700000002,40.855152,30,5280
2019-11-02T03:22:56.000Z,139.46051699999998,40.855272,29,5220
2019-11-02T03:23:05.000Z,139.461202,40.855677,29,5120
2019-11-02T03:23:13.000Z,139.461692,40.85596500000001,30,5390
2019-11-02T03:23:16.000Z,139.461915,40.856117,30,5270
2019-11-02T03:23:21.000Z,139.462455,40.856452,29,5210
2019-11-02T03:23:26.000Z,139.462947,40.856717,29,5290
2019-11-02T03:23:34.000Z,139.463575,40.857063,29,5310
2019-11-02T03:23:40.000Z,139.46395800000002,40.8573,29,5200
2019-11-02T03:23:47.000Z,139.464517,40.85761,30,5300
2019-11-02T03:23:55.000Z,139.46498300000002,40.857895,30,5270
2019-11-02T03:24:05.000Z,139.465918,40.858442,30,5290
2019-11-02T03:24:13.000Z,139.46638000000002,40.85871,30,5230
2019-11-02T03:24:21.000Z,139.466868,40.858973,30,5320
2019-11-02T03:24:25.000Z,139.467282,40.859203,30,5330
2019-11-02T03:24:34.000Z,139.46832,40.859787,30,5360
2019-11-02T03:24:42.000Z,139.468962,40.860135,30,5400
2019-11-02T03:24:47.000Z,139.469277,40.86032,30,5310
2019-11-02T03:24:50.000Z,139.469528,40.860452,30,5460
2019-11-02T03:24:58.000Z,139.47016499999998,40.860787,29,5400
2019-11-02T03:25:00.000Z,139.470405,40.86091500000001,29,5400
2019-11-02T03:25:09.000Z,139.470723,40.861092,29,5390
2019-11-02T03:25:18.000Z,139.47184,40.861697,29,5380
2019-11-02T03:25:22.000Z,139.472073,40.861828,29,5300
2019-11-02T03:25:24.000Z,139.472318,40.861955,30,5410
2019-11-02T03:25:28.000Z,139.47256000000002,40.862088,30,5400
2019-11-02T03:25:39.000Z,139.473415,40.862588,29,5160
2019-11-02T03:25:43.000Z,139.47373000000002,40.862772,29,5170
2019-11-02T03:25:46.000Z,139.474062,40.862942,30,5380
2019-11-02T03:25:50.000Z,139.474368,40.863122,29,5290
2019-11-02T03:25:58.000Z,139.474895,40.863447,29,5160
2019-11-02T03:26:05.000Z,139.475457,40.86375200000001,29,5410
2019-11-02T03:26:10.000Z,139.475842,40.863985,29,5250
2019-11-02T03:26:12.000Z,139.47606299999998,40.864127,29,5150
2019-11-02T03:26:17.000Z,139.476375,40.864308,29,5190
2019-11-02T03:26:25.000Z,139.47708500000002,40.864708,30,5270
2019-11-02T03:26:32.000Z,139.47755,40.864995,29,5110
2019-11-02T03:26:34.000Z,139.47778,40.865137,29,5120
2019-11-02T03:26:46.000Z,139.47874299999998,40.865663,30,5500
2019-11-02T03:26:54.000Z,139.479283,40.865982,30,5270
2019-11-02T03:26:58.000Z,139.479595,40.86616,30,5330
2019-11-02T03:27:05.000Z,139.480177,40.866455,30,5470
2019-11-02T03:27:14.000Z,139.48064499999998,40.866735,30,5280
2019-11-02T03:27:22.000Z,139.481607,40.867272,30,5400
2019-11-02T03:27:26.000Z,139.481848,40.86741,30,5370
2019-11-02T03:27:30.000Z,139.482237,40.867653,30,5200
2019-11-02T03:27:36.000Z,139.482637,40.867882,30,5300
2019-11-02T03:27:43.000Z,139.483278,40.868235,30,5450
2019-11-02T03:27:46.000Z,139.48351200000002,40.868373,30,5360
2019-11-02T03:27:52.000Z,139.48396499999998,40.868663,29,5090
2019-11-02T03:28:02.000Z,139.484445,40.868922,30,5300
2019-11-02T03:28:10.000Z,139.485345,40.869495,29,4930
2019-11-02T03:28:17.000Z,139.485825,40.869758,29,5270
2019-11-02T03:28:20.000Z,139.486045,40.869905,29,5090
2019-11-02T03:28:22.000Z,139.486257,40.870058,29,4980
2019-11-02T03:28:31.000Z,139.486945,40.870475,29,5110
2019-11-02T03:28:35.000Z,139.487175,40.870613,29,5170
2019-11-02T03:28:40.000Z,139.487622,40.870897,29,5110
2019-11-02T03:28:48.000Z,139.488173,40.871213,29,5250
2019-11-02T03:28:50.000Z,139.488405,40.871343,29,5260
2019-11-02T03:28:58.000Z,139.488938,40.871667,29,5160
2019-11-02T03:29:05.000Z,139.489507,40.871943,29,5560
2019-11-02T03:29:13.000Z,139.489993,40.872192,29,5550
2019-11-02T03:29:18.000Z,139.49053500000002,40.872502,29,5320
2019-11-02T03:29:24.000Z,139.490795,40.872602,29,5760
2019-11-02T03:29:30.000Z,139.491518,40.872977,29,5460
2019-11-02T03:29:35.000Z,139.491745,40.87311500000001,29,5420
2019-11-02T03:29:40.000Z,139.492312,40.873412,29,5520
2019-11-02T03:29:45.000Z,139.492703,40.873627,29,5410
2019-11-02T03:29:52.000Z,139.49323,40.873945,29,5310
2019-11-02T03:29:58.000Z,139.49371000000002,40.874178,29,5510
2019-11-02T03:30:04.000Z,139.494258,40.874473,29,5540
2019-11-02T03:30:10.000Z,139.494737,40.874717,29,5570
2019-11-02T03:30:15.000Z,139.49506499999998,40.874883,29,5640
2019-11-02T03:30:22.000Z,139.49571,40.875208,29,5650
2019-11-02T03:30:26.000Z,139.495952,40.875325,29,5670
2019-11-02T03:30:32.000Z,139.49619199999998,40.875453,29,5650
2019-11-02T03:30:44.000Z,139.49743999999998,40.876143,29,5430
2019-11-02T03:30:52.000Z,139.497988,40.876445,29,5410
2019-11-02T03:30:57.000Z,139.498377,40.876658,29,5410
2019-11-02T03:31:01.000Z,139.498707,40.876817,29,5590
2019-11-02T03:31:04.000Z,139.499042,40.87696500000001,29,5790
2019-11-02T03:31:08.000Z,139.499298,40.877068,29,5950
2019-11-02T03:31:10.000Z,139.499547,40.877178,29,5980
2019-11-02T03:31:17.000Z,139.500017,40.877438,29,5610
2019-11-02T03:31:21.000Z,139.500342,40.877592,29,5780
2019-11-02T03:31:24.000Z,139.50058,40.877712,29,5760
2019-11-02T03:31:28.000Z,139.500887,40.877892,29,5480
2019-11-02T03:31:34.000Z,139.50143,40.878197,29,5360
2019-11-02T03:31:38.000Z,139.501752,40.878363,29,5470
2019-11-02T03:31:43.000Z,139.502072,40.878537,29,5420
2019-11-02T03:31:47.000Z,139.502387,40.87871,29,5360
2019-11-02T03:31:52.000Z,139.502772,40.878918,29,5410
2019-11-02T03:31:59.000Z,139.50331699999998,40.879218,29,5400
2019-11-02T03:32:04.000Z,139.503795,40.879462,29,5570
2019-11-02T03:32:10.000Z,139.504178,40.879693,29,5380
2019-11-02T03:32:17.000Z,139.50472299999998,40.880008,29,5310
2019-11-02T03:32:23.000Z,139.50521,40.880257,29,5490
2019-11-02T03:32:28.000Z,139.505612,40.880465,29,5540
2019-11-02T03:32:34.000Z,139.506155,40.880762,29,5420
2019-11-02T03:32:47.000Z,139.507128,40.881255,29,5510
2019-11-02T03:32:55.000Z,139.50751,40.881482,29,5360
2019-11-02T03:33:04.000Z,139.508575,40.882017,29,5650
2019-11-02T03:33:10.000Z,139.50896699999998,40.882238,29,5500
2019-11-02T03:33:17.000Z,139.509532,40.882523,29,5570
2019-11-02T03:33:22.000Z,139.509928,40.88274000000001,29,5560
2019-11-02T03:33:28.000Z,139.510428,40.882988,29,5580
2019-11-02T03:33:32.000Z,139.510832,40.883195,29,5600
2019-11-02T03:33:36.000Z,139.511152,40.883367,29,5540
2019-11-02T03:33:40.000Z,139.51140700000002,40.883482,30,5650
2019-11-02T03:33:47.000Z,139.511962,40.883782,29,5440
2019-11-02T03:33:53.000Z,139.512427,40.884053,29,5290
2019-11-02T03:33:59.000Z,139.512903,40.88431,29,5400
2019-11-02T03:34:05.000Z,139.513357,40.884585,29,5350
2019-11-02T03:34:11.000Z,139.513748,40.884805,29,5310
2019-11-02T03:34:17.000Z,139.51431200000002,40.885093,29,5490
2019-11-02T03:34:22.000Z,139.51478799999998,40.885362,29,5390
2019-11-02T03:34:28.000Z,139.515195,40.88557,29,5460
2019-11-02T03:34:33.000Z,139.515587,40.88578,29,5370
2019-11-02T03:34:36.000Z,139.5159,40.885957,29,5340
2019-11-02T03:34:40.000Z,139.516143,40.886087,29,5490
2019-11-02T03:34:42.000Z,139.516393,40.886208,29,5580
2019-11-02T03:34:51.000Z,139.516725,40.886368,29,5670
2019-11-02T03:35:02.000Z,139.517707,40.886853,30,5850
2019-11-02T03:35:08.000Z,139.51842,40.887227,29,5420
2019-11-02T03:35:17.000Z,139.519157,40.887623,29,5530
2019-11-02T03:35:22.000Z,139.51961799999998,40.887897,29,5330
2019-11-02T03:35:28.000Z,139.519935,40.888073,29,5380
2019-11-02T03:35:34.000Z,139.520578,40.88841,29,5510
2019-11-02T03:35:40.000Z,139.52096699999998,40.888612,29,5530
2019-11-02T03:35:42.000Z,139.521198,40.888738,29,5520
2019-11-02T03:35:49.000Z,139.521515,40.88891,29,5510
2019-11-02T03:35:54.000Z,139.522055,40.889208,29,5430
2019-11-02T03:35:59.000Z,139.52244,40.889423,29,5360
2019-11-02T03:36:03.000Z,139.522832,40.889613,29,5410
2019-11-02T03:36:07.000Z,139.523085,40.88972800000001,29,5450
2019-11-02T03:36:10.000Z,139.523337,40.889837,29,5520
2019-11-02T03:36:15.000Z,139.523827,40.890088,29,5470
2019-11-02T03:36:22.000Z,139.524412,40.890412,29,5540
2019-11-02T03:36:34.000Z,139.52539299999998,40.89093,29,5490
2019-11-02T03:36:45.000Z,139.52629,40.891392,29,5670
2019-11-02T03:36:48.000Z,139.52653,40.89151500000001,29,5550
2019-11-02T03:36:53.000Z,139.526852,40.89169,30,5490
2019-11-02T03:36:55.000Z,139.52709199999998,40.891818,29,5440
2019-11-02T03:36:58.000Z,139.52733700000002,40.891945,30,5580
2019-11-02T03:37:04.000Z,139.52785,40.89217,30,5880
2019-11-02T03:37:08.000Z,139.528097,40.892297,29,5680
2019-11-02T03:37:16.000Z,139.528823,40.89268,30,5560
2019-11-02T03:37:22.000Z,139.529323,40.892925,30,5660
2019-11-02T03:37:29.000Z,139.529808,40.893185,30,5470
2019-11-02T03:37:34.000Z,139.53028799999998,40.893438,29,5500
2019-11-02T03:37:40.000Z,139.530705,40.893647,30,5700
2019-11-02T03:37:47.000Z,139.531283,40.893937,29,5560
2019-11-02T03:37:53.000Z,139.531772,40.89419,30,5580
2019-11-02T03:37:58.000Z,139.53225700000002,40.894452,30,5480
2019-11-02T03:38:03.000Z,139.532503,40.894582,30,5520
2019-11-02T03:38:10.000Z,139.53315700000002,40.894913,30,5610
2019-11-02T03:38:16.000Z,139.533705,40.89523,30,5360
2019-11-02T03:38:24.000Z,139.53436499999998,40.895572,30,5560
2019-11-02T03:38:29.000Z,139.534675,40.895752,30,5380
2019-11-02T03:38:34.000Z,139.53515,40.89603,30,5290
2019-11-02T03:38:37.000Z,139.53538999999998,40.896163,30,5270
2019-11-02T03:38:47.000Z,139.53613700000002,40.896535,30,5550
2019-11-02T03:38:53.000Z,139.536613,40.896807,30,5430
2019-11-02T03:38:58.000Z,139.537112,40.897048,30,5630
2019-11-02T03:39:04.000Z,139.53759,40.89732,30,5380
2019-11-02T03:39:10.000Z,139.538015,40.897523,30,5560
2019-11-02T03:39:16.000Z,139.538593,40.897823,30,5590
2019-11-02T03:39:21.000Z,139.538905,40.898007,30,5430
2019-11-02T03:39:24.000Z,139.539148,40.898132,30,5510
2019-11-02T03:39:32.000Z,139.53957,40.898333,30,5680
2019-11-02T03:39:38.000Z,139.540275,40.898742,29,5300
2019-11-02T03:39:41.000Z,139.540518,40.898867,30,5410
2019-11-02T03:39:47.000Z,139.541002,40.89912,30,5500
2019-11-02T03:39:53.000Z,139.541448,40.89941500000001,29,5100
2019-11-02T03:39:56.000Z,139.541768,40.899588,29,5290
2019-11-02T03:40:03.000Z,139.54227,40.899823,29,5620
2019-11-02T03:40:06.000Z,139.542585,40.90000300000001,30,5530
2019-11-02T03:40:11.000Z,139.542798,40.900152,29,5150
2019-11-02T03:40:15.000Z,139.543195,40.900375,29,5280
2019-11-02T03:40:18.000Z,139.543442,40.900502,29,5360
2019-11-02T03:40:23.000Z,139.543835,40.900735,29,5220
2019-11-02T03:40:27.000Z,139.54413,40.900932,30,5070
2019-11-02T03:40:30.000Z,139.54443700000002,40.901117,29,5050
2019-11-02T03:40:34.000Z,139.54468799999998,40.90124,29,5370
2019-11-02T03:40:41.000Z,139.545247,40.901547,30,5400
2019-11-02T03:40:46.000Z,139.545652,40.90176,29,5490
2019-11-02T03:40:50.000Z,139.545963,40.901938,29,5390
2019-11-02T03:40:53.000Z,139.546207,40.902062,29,5530
2019-11-02T03:40:59.000Z,139.546705,40.902303,30,5610
2019-11-02T03:41:10.000Z,139.547595,40.90278,30,5470
2019-11-02T03:41:16.000Z,139.548078,40.903042,30,5350
2019-11-02T03:41:23.000Z,139.548672,40.903333,30,5650
2019-11-02T03:41:32.000Z,139.54938,40.903743,30,5320
2019-11-02T03:41:41.000Z,139.550127,40.904137,30,5500
2019-11-02T03:41:46.000Z,139.55051799999998,40.904373,30,5330
2019-11-02T03:41:53.000Z,139.551085,40.904683,30,5340
2019-11-02T03:41:58.000Z,139.551573,40.904948,30,5430
2019-11-02T03:42:05.000Z,139.552045,40.905227,30,5290
2019-11-02T03:42:10.000Z,139.552458,40.905438,30,5460
2019-11-02T03:42:16.000Z,139.552952,40.905698,30,5480
2019-11-02T03:42:20.000Z,139.553357,40.90593,30,5360
2019-11-02T03:42:25.000Z,139.553685,40.9061,30,5400
2019-11-02T03:42:28.000Z,139.55401,40.906273,30,5490
2019-11-02T03:42:33.000Z,139.554405,40.9065,30,5400
2019-11-02T03:42:41.000Z,139.55498300000002,40.906802,30,5500
2019-11-02T03:42:44.000Z,139.555218,40.906933,30,5400
2019-11-02T03:42:53.000Z,139.555945,40.90733,30,5470
2019-11-02T03:42:58.000Z,139.55645800000002,40.90758,30,5610
2019-11-02T03:43:03.000Z,139.55680700000002,40.90773,30,5880
2019-11-02T03:43:06.000Z,139.557155,40.90788,30,5920
2019-11-02T03:43:10.000Z,139.55741,40.908007,30,5780
2019-11-02T03:43:16.000Z,139.55791000000002,40.908268,30,5660
2019-11-02T03:43:22.000Z,139.558405,40.908518,30,5650
2019-11-02T03:43:24.000Z,139.558653,40.908648,30,5610
2019-11-02T03:43:28.000Z,139.55898,40.90882,30,5550
2019-11-02T03:43:35.000Z,139.559475,40.90908,30,5550
2019-11-02T03:43:40.000Z,139.559947,40.90936,30,5290
2019-11-02T03:43:46.000Z,139.560347,40.909573,30,5470
2019-11-02T03:43:51.000Z,139.560742,40.909803,30,5340
2019-11-02T03:43:55.000Z,139.56106200000002,40.909985,30,5310
2019-11-02T03:43:58.000Z,139.56138700000002,40.910158,30,5370
2019-11-02T03:44:02.000Z,139.561645,40.910282,30,5520
2019-11-02T03:44:10.000Z,139.562268,40.910653,30,5210
2019-11-02T03:44:16.000Z,139.562675,40.910875,30,5340
2019-11-02T03:44:19.000Z,139.562935,40.910985,30,5620
2019-11-02T03:44:23.000Z,139.56333500000002,40.911202,30,5560
2019-11-02T03:44:26.000Z,139.563555,40.911347,30,5280
2019-11-02T03:44:28.000Z,139.563792,40.911488,30,5220
2019-11-02T03:44:35.000Z,139.564293,40.911707,30,5690
2019-11-02T03:44:39.000Z,139.564717,40.911925,30,5750
2019-11-02T03:44:43.000Z,139.564933,40.912085,30,5360
2019-11-02T03:44:46.000Z,139.56516200000002,40.912233,30,5170
2019-11-02T03:44:50.000Z,139.565573,40.912432,30,5380
2019-11-02T03:44:58.000Z,139.56621,40.912802,30,5310
2019-11-02T03:45:02.000Z,139.56643,40.912962,30,4990
2019-11-02T03:45:08.000Z,139.56698500000002,40.913267,30,5250
2019-11-02T03:45:14.000Z,139.567477,40.913527,30,5430
2019-11-02T03:45:23.000Z,139.568098,40.913902,30,5150
2019-11-02T03:45:25.000Z,139.56833999999998,40.914032,30,5280
2019-11-02T03:45:30.000Z,139.56874299999998,40.914248,30,5320
2019-11-02T03:45:34.000Z,139.56906999999998,40.91441500000001,30,5450
2019-11-02T03:45:38.000Z,139.569395,40.914582,30,5440
2019-11-02T03:45:46.000Z,139.569983,40.914872,30,5590
2019-11-02T03:45:51.000Z,139.57038300000002,40.915098,29,5450
2019-11-02T03:45:56.000Z,139.570892,40.915335,30,5710
2019-11-02T03:46:02.000Z,139.571342,40.915622,29,5310
2019-11-02T03:46:07.000Z,139.571645,40.915812,29,5200
2019-11-02T03:46:16.000Z,139.57238999999998,40.916182,30,5470
2019-11-02T03:46:23.000Z,139.572935,40.916505,30,5280
2019-11-02T03:46:28.000Z,139.573417,40.916758,29,5380
2019-11-02T03:46:33.000Z,139.573893,40.917013,29,5420
2019-11-02T03:46:41.000Z,139.574387,40.917288,30,5450
2019-11-02T03:46:46.000Z,139.57478799999998,40.917503,30,5460
2019-11-02T03:46:52.000Z,139.575358,40.917802,30,5460
2019-11-02T03:46:57.000Z,139.57577,40.91802,30,5480
2019-11-02T03:47:01.000Z,139.57601,40.918155,30,5420
2019-11-02T03:47:04.000Z,139.576322,40.918343,30,5360
2019-11-02T03:47:08.000Z,139.57656200000002,40.918482,30,5340
2019-11-02T03:47:16.000Z,139.577303,40.918862,30,5630
2019-11-02T03:47:28.000Z,139.578282,40.9194,30,5440
2019-11-02T03:47:34.000Z,139.57878200000002,40.919665,30,5560
2019-11-02T03:47:41.000Z,139.579243,40.919953,30,5250
2019-11-02T03:47:46.000Z,139.579647,40.920177,30,5380
2019-11-02T03:47:52.000Z,139.580223,40.920473,30,5450
2019-11-02T03:47:59.000Z,139.580718,40.92075300000001,30,5320
2019-11-02T03:48:04.000Z,139.581222,40.921028,30,5350
2019-11-02T03:48:10.000Z,139.581723,40.92129,30,5510
2019-11-02T03:48:14.000Z,139.58205800000002,40.92146500000001,30,5490
2019-11-02T03:48:22.000Z,139.58271299999998,40.921822,30,5430
2019-11-02T03:48:28.000Z,139.583195,40.922103,30,5360
2019-11-02T03:48:34.000Z,139.583665,40.9224,30,5240
2019-11-02T03:48:38.000Z,139.583897,40.922545,30,5170
2019-11-02T03:48:41.000Z,139.584135,40.922685,30,5180
2019-11-02T03:48:44.000Z,139.58446999999998,40.92286,30,5300
2019-11-02T03:48:52.000Z,139.58513,40.923208,30,5480
2019-11-02T03:48:59.000Z,139.58560500000002,40.923488,30,5290
2019-11-02T03:49:02.000Z,139.58585,40.923628,30,5330
2019-11-02T03:49:04.000Z,139.586098,40.923763,30,5360
2019-11-02T03:49:10.000Z,139.586618,40.924018,30,5570
2019-11-02T03:49:16.000Z,139.5871,40.924318,31,5190
2019-11-02T03:49:22.000Z,139.587592,40.924595,31,5200
2019-11-02T03:49:28.000Z,139.588103,40.92485,30,5450
2019-11-02T03:49:32.000Z,139.58835,40.924982,30,5440
2019-11-02T03:49:34.000Z,139.58858700000002,40.92513,30,5280
2019-11-02T03:49:41.000Z,139.589075,40.925408,30,5380
2019-11-02T03:49:52.000Z,139.590103,40.92593,31,5520
2019-11-02T03:49:59.000Z,139.590597,40.926195,30,5470
2019-11-02T03:50:04.000Z,139.591102,40.92646,30,5560
2019-11-02T03:50:10.000Z,139.59159,40.926742,30,5360
2019-11-02T03:50:15.000Z,139.592,40.926967,30,5370
2019-11-02T03:50:22.000Z,139.592573,40.927282,31,5480
2019-11-02T03:50:26.000Z,139.592805,40.927432,30,5270
2019-11-02T03:50:28.000Z,139.593045,40.927577,31,5250
2019-11-02T03:50:34.000Z,139.593455,40.927805,31,5320
2019-11-02T03:50:37.000Z,139.593702,40.927937,30,5420
2019-11-02T03:50:41.000Z,139.594032,40.928118,30,5360
2019-11-02T03:50:44.000Z,139.594262,40.928267,30,5160
2019-11-02T03:50:46.000Z,139.594503,40.928417,30,5130
2019-11-02T03:50:52.000Z,139.595005,40.928688,30,5370
2019-11-02T03:50:59.000Z,139.595493,40.92896500000001,30,5350
2019-11-02T03:51:04.000Z,139.595973,40.92924,30,5360
2019-11-02T03:51:10.000Z,139.59646999999998,40.929513,30,5430
2019-11-02T03:51:14.000Z,139.596815,40.929682,30,5500
2019-11-02T03:51:19.000Z,139.597148,40.92986,30,5510
2019-11-02T03:51:22.000Z,139.597472,40.930047,30,5370
2019-11-02T03:51:26.000Z,139.597718,40.930175,30,5440
2019-11-02T03:51:32.000Z,139.598223,40.93043,30,5490
2019-11-02T03:51:38.000Z,139.598798,40.930728,30,5530
2019-11-02T03:51:46.000Z,139.59946000000002,40.931093,30,5440
2019-11-02T03:51:51.000Z,139.59978999999998,40.931263,30,5470
2019-11-02T03:51:54.000Z,139.60003799999998,40.931398,30,5430
2019-11-02T03:51:57.000Z,139.60028300000002,40.931535,30,5380
2019-11-02T03:52:04.000Z,139.600952,40.931902,31,5460
2019-11-02T03:52:10.000Z,139.601438,40.932172,30,5410
2019-11-02T03:52:16.000Z,139.601947,40.932438,30,5450
2019-11-02T03:52:19.000Z,139.602193,40.932583,31,5350
2019-11-02T03:52:22.000Z,139.60243799999998,40.932725,30,5350
2019-11-02T03:52:28.000Z,139.60293,40.932998,30,5370
2019-11-02T03:52:33.000Z,139.603273,40.933162,30,5550
2019-11-02T03:52:38.000Z,139.603797,40.933402,30,5690
2019-11-02T03:52:42.000Z,139.60405,40.933525,30,5620
2019-11-02T03:52:46.000Z,139.604472,40.933733,30,5720
2019-11-02T03:53:04.000Z,139.605947,40.934543,30,5320
2019-11-02T03:53:08.000Z,139.606275,40.934725,30,5360
2019-11-02T03:53:16.000Z,139.606918,40.9351,30,5280
2019-11-02T03:53:28.000Z,139.607923,40.935628,30,5490
2019-11-02T03:53:33.000Z,139.60824499999998,40.93581500000001,30,5340
2019-11-02T03:53:38.000Z,139.608645,40.936053,30,5290
2019-11-02T03:53:40.000Z,139.608895,40.936177,30,5410
2019-11-02T03:53:46.000Z,139.609413,40.936423,30,5620
2019-11-02T03:53:52.000Z,139.609825,40.936643,30,5520
2019-11-02T03:53:54.000Z,139.610067,40.936787,30,5360
2019-11-02T03:53:58.000Z,139.61039499999998,40.936965,30,5420
2019-11-02T03:54:02.000Z,139.610743,40.937138,30,5500
2019-11-02T03:54:10.000Z,139.61138,40.937513,30,5280
2019-11-02T03:54:14.000Z,139.611693,40.937713,30,5090
2019-11-02T03:54:19.000Z,139.612008,40.93790300000001,30,5100
2019-11-02T03:54:25.000Z,139.612498,40.938177,30,5280
2019-11-02T03:54:28.000Z,139.612827,40.938352,30,5440
2019-11-02T03:54:34.000Z,139.613225,40.938585,30,5260
2019-11-02T03:54:40.000Z,139.613702,40.938875,30,5250
2019-11-02T03:54:46.000Z,139.614285,40.939173,30,5450
2019-11-02T03:54:50.000Z,139.614595,40.93936,30,5310
2019-11-02T03:54:56.000Z,139.615003,40.939597,30,5290
2019-11-02T03:54:58.000Z,139.615248,40.939735,30,5330
2019-11-02T03:55:02.000Z,139.615502,40.939867,30,5440
2019-11-02T03:55:08.000Z,139.615995,40.940117,30,5510
2019-11-02T03:55:15.000Z,139.616567,40.940437,30,5290
2019-11-02T03:55:18.000Z,139.616812,40.94057,30,5350
2019-11-02T03:55:23.000Z,139.61722,40.940792,30,5450
2019-11-02T03:55:28.000Z,139.617712,40.941063,30,5400
2019-11-02T03:55:32.000Z,139.617953,40.941207,30,5240
2019-11-02T03:55:40.000Z,139.61868700000002,40.94161,30,5500
2019-11-02T03:55:46.000Z,139.619157,40.941898,30,5280
2019-11-02T03:55:52.000Z,139.619628,40.942188,30,5150
2019-11-02T03:55:58.000Z,139.620032,40.942413,30,5270
2019-11-02T03:56:00.000Z,139.62026,40.942555,30,5210
2019-11-02T03:56:04.000Z,139.62057,40.942752,30,5110
2019-11-02T03:56:17.000Z,139.621542,40.943307,30,5370
2019-11-02T03:56:23.000Z,139.62203200000002,40.943557,30,5450
2019-11-02T03:56:28.000Z,139.62250500000002,40.943825,30,5360
2019-11-02T03:56:34.000Z,139.622912,40.944048,30,5450
2019-11-02T03:56:37.000Z,139.623165,40.944177,30,5520
2019-11-02T03:56:40.000Z,139.6235,40.944347,30,5580
2019-11-02T03:56:46.000Z,139.623998,40.944605,30,5540
2019-11-02T03:56:50.000Z,139.624245,40.944737,30,5460
2019-11-02T03:56:52.000Z,139.62448999999998,40.94488,30,5400
2019-11-02T03:56:59.000Z,139.62499,40.94514,30,5530
2019-11-02T03:57:04.000Z,139.625457,40.945432,30,5160
2019-11-02T03:57:17.000Z,139.62643,40.945987,30,5320
2019-11-02T03:57:23.000Z,139.62688500000002,40.946285,30,5050
2019-11-02T03:57:28.000Z,139.627385,40.946545,30,5350
2019-11-02T03:57:32.000Z,139.627633,40.946675,30,5420
2019-11-02T03:57:40.000Z,139.62833,40.947107,30,5150
2019-11-02T03:57:46.000Z,139.628835,40.947357,30,5570
2019-11-02T03:57:52.000Z,139.629323,40.947622,30,5390
2019-11-02T03:57:58.000Z,139.629797,40.947908,30,5280
2019-11-02T03:58:04.000Z,139.63029,40.948168,30,5450
2019-11-02T03:58:10.000Z,139.63071000000002,40.948385,30,5500
2019-11-02T03:58:12.000Z,139.630953,40.948522,30,5470
2019-11-02T03:58:17.000Z,139.631282,40.948695,30,5450
2019-11-02T03:58:20.000Z,139.63161200000002,40.94887,30,5550
2019-11-02T03:58:28.000Z,139.63226699999998,40.949227,30,5460
2019-11-02T03:58:35.000Z,139.63276299999998,40.949483,30,5550
2019-11-02T03:58:40.000Z,139.633157,40.94972,30,5270
2019-11-02T03:58:46.000Z,139.63374,40.950018,30,5500
2019-11-02T03:58:52.000Z,139.634225,40.950278,30,5460
2019-11-02T03:58:58.000Z,139.63471299999998,40.950557,30,5310
2019-11-02T03:59:04.000Z,139.635213,40.950817,30,5550
2019-11-02T03:59:10.000Z,139.63563,40.951038,30,5490
2019-11-02T03:59:23.000Z,139.63669,40.95162,30,5550
2019-11-02T03:59:26.000Z,139.636938,40.951753,30,5510
2019-11-02T03:59:28.000Z,139.637182,40.951883,30,5510
2019-11-02T03:59:33.000Z,139.637503,40.952068,30,5420
2019-11-02T03:59:41.000Z,139.638083,40.952362,30,5490
2019-11-02T03:59:46.000Z,139.638672,40.952655,30,5680
2019-11-02T03:59:52.000Z,139.639172,40.952902,30,5630
2019-11-02T03:59:58.000Z,139.639667,40.953175,30,5450
2019-11-02T04:00:04.000Z,139.64016999999998,40.953423,30,5590
2019-11-02T04:00:10.000Z,139.640573,40.953642,30,5530
2019-11-02T04:00:23.000Z,139.641635,40.954228,30,5490
2019-11-02T04:00:28.000Z,139.642047,40.954457,30,5400
2019-11-02T04:00:35.000Z,139.642605,40.95477800000001,30,5260
2019-11-02T04:00:40.000Z,139.643002,40.955,30,5340
2019-11-02T04:00:46.000Z,139.643562,40.955303,30,5460
2019-11-02T04:00:52.000Z,139.644037,40.955583,30,5380
2019-11-02T04:00:55.000Z,139.644272,40.95572,30,5310
2019-11-02T04:00:58.000Z,139.644528,40.955835,30,5440
2019-11-02T04:01:02.000Z,139.644875,40.955988,30,5670
2019-11-02T04:01:08.000Z,139.64536,40.956252,30,5550
2019-11-02T04:01:12.000Z,139.645593,40.956398,30,5270
2019-11-02T04:01:16.000Z,139.64592199999998,40.956573,30,5350
2019-11-02T04:01:18.000Z,139.646172,40.956707,30,5420
2019-11-02T04:01:23.000Z,139.646492,40.95688,30,5480
2019-11-02T04:01:26.000Z,139.646722,40.95703,30,5250
2019-11-02T04:01:31.000Z,139.64713,40.957245,30,5320
2019-11-02T04:01:35.000Z,139.647458,40.95741500000001,30,5440
2019-11-02T04:01:40.000Z,139.647842,40.957645,30,5280
2019-11-02T04:01:46.000Z,139.648397,40.957963,30,5340
2019-11-02T04:01:51.000Z,139.64872,40.958125,29,5450
2019-11-02T04:01:58.000Z,139.649333,40.958498,30,5160
2019-11-02T04:02:03.000Z,139.64965700000002,40.95868,30,5180
2019-11-02T04:02:11.000Z,139.65028999999998,40.959028,29,5270
2019-11-02T04:02:17.000Z,139.650753,40.959312,29,5260
2019-11-02T04:02:23.000Z,139.651253,40.959545,29,5630
2019-11-02T04:02:28.000Z,139.651643,40.959767,30,5360
2019-11-02T04:02:30.000Z,139.651883,40.9599,30,5360
2019-11-02T04:02:35.000Z,139.65221499999998,40.960058,29,5530
2019-11-02T04:02:41.000Z,139.652693,40.960322,29,5440
2019-11-02T04:02:46.000Z,139.65315800000002,40.9606,30,5290
2019-11-02T04:02:52.000Z,139.653623,40.96085,29,5370
2019-11-02T04:02:58.000Z,139.654092,40.961107,29,5460
2019-11-02T04:03:05.000Z,139.654538,40.96138,29,5230
2019-11-02T04:03:11.000Z,139.65499,40.961643,29,5270
2019-11-02T04:03:17.000Z,139.65545500000002,40.961898,29,5450
2019-11-02T04:03:23.000Z,139.655948,40.962162,29,5320
2019-11-02T04:03:28.000Z,139.656342,40.962397,29,5250
2019-11-02T04:03:31.000Z,139.656593,40.962535,30,5350
2019-11-02T04:03:35.000Z,139.656927,40.9627,29,5510
2019-11-02T04:03:41.000Z,139.65741699999998,40.962955,29,5450
2019-11-02T04:03:46.000Z,139.65788500000002,40.963225,29,5310
2019-11-02T04:03:52.000Z,139.658353,40.963482,29,5340
2019-11-02T04:03:58.000Z,139.658825,40.963742,29,5380
2019-11-02T04:04:05.000Z,139.659287,40.964023,29,5230
2019-11-02T04:04:11.000Z,139.659768,40.964285,29,5320
2019-11-02T04:04:17.000Z,139.660248,40.964555,29,5350
2019-11-02T04:04:21.000Z,139.660563,40.964743,29,5210
2019-11-02T04:04:25.000Z,139.660868,40.96494000000001,29,5100
2019-11-02T04:04:28.000Z,139.661115,40.96507,30,5270
2019-11-02T04:04:30.000Z,139.661357,40.965193,29,5400
2019-11-02T04:04:35.000Z,139.661683,40.96536500000001,29,5450
2019-11-02T04:04:41.000Z,139.662153,40.965635,29,5300
2019-11-02T04:04:45.000Z,139.662462,40.96582,29,5240
2019-11-02T04:04:52.000Z,139.66311000000002,40.966162,30,5450
2019-11-02T04:04:58.000Z,139.66358300000002,40.966432,29,5330
2019-11-02T04:05:05.000Z,139.664058,40.966705,30,5270
2019-11-02T04:05:08.000Z,139.664387,40.966878,30,5350
2019-11-02T04:05:17.000Z,139.66499199999998,40.96724,29,5220
2019-11-02T04:05:22.000Z,139.66539,40.967448,30,5460
2019-11-02T04:05:26.000Z,139.665788,40.967662,30,5560
2019-11-02T04:05:32.000Z,139.666158,40.967905,30,5140
2019-11-02T04:05:35.000Z,139.666418,40.968037,30,5210
2019-11-02T04:05:39.000Z,139.666778,40.968195,29,5350
2019-11-02T04:05:47.000Z,139.66746,40.968538,30,5370
2019-11-02T04:05:52.000Z,139.66793,40.968807,30,5300
2019-11-02T04:05:57.000Z,139.66825500000002,40.968975,30,5420
2019-11-02T04:06:04.000Z,139.668798,40.969295,29,5270
2019-11-02T04:06:06.000Z,139.669037,40.969423,30,5330
2019-11-02T04:06:11.000Z,139.669367,40.969592,30,5410
2019-11-02T04:06:16.000Z,139.669768,40.969807,29,5480
2019-11-02T04:06:22.000Z,139.67023500000002,40.97009,30,5200
2019-11-02T04:06:29.000Z,139.67078700000002,40.970402,30,5250
2019-11-02T04:06:35.000Z,139.67126000000002,40.970675,30,5240
2019-11-02T04:06:41.000Z,139.671722,40.970957,30,5200
2019-11-02T04:06:47.000Z,139.672175,40.971252,30,5270
2019-11-02T04:06:52.000Z,139.672658,40.971518,29,5470
2019-11-02T04:06:58.000Z,139.673053,40.971748,30,5350
2019-11-02T04:07:05.000Z,139.673613,40.972067,30,5310
2019-11-02T04:07:10.000Z,139.67401,40.972295,29,5290
2019-11-02T04:07:16.000Z,139.674507,40.972545,30,5510
2019-11-02T04:07:22.000Z,139.674982,40.972815,29,5370
2019-11-02T04:07:29.000Z,139.675527,40.973118,29,5380
2019-11-02T04:07:35.000Z,139.676007,40.973365,30,5610
2019-11-02T04:07:41.000Z,139.676493,40.973618,29,5440
2019-11-02T04:07:46.000Z,139.67687,40.973847,29,5260
2019-11-02T04:07:48.000Z,139.677108,40.97398,29,5290
2019-11-02T04:07:52.000Z,139.677438,40.974153,30,5410
2019-11-02T04:07:57.000Z,139.677762,40.974332,30,5380
2019-11-02T04:08:00.000Z,139.678065,40.97452,29,5260
2019-11-02T04:08:05.000Z,139.67836699999998,40.974713,29,5110
2019-11-02T04:08:08.000Z,139.678688,40.974878,30,5330
2019-11-02T04:08:16.000Z,139.679335,40.975228,29,5440
2019-11-02T04:08:22.000Z,139.67971699999998,40.975455,29,5280
2019-11-02T04:08:28.000Z,139.680282,40.97575300000001,29,5350
2019-11-02T04:08:35.000Z,139.680757,40.97603,30,5300
2019-11-02T04:08:38.000Z,139.68106699999998,40.976207,29,5280
2019-11-02T04:08:46.000Z,139.681607,40.976537,29,5290
2019-11-02T04:08:51.000Z,139.68201299999998,40.976747,29,5590
2019-11-02T04:08:58.000Z,139.682592,40.977027,29,5630
2019-11-02T04:09:00.000Z,139.682818,40.977165,29,5450
2019-11-02T04:09:05.000Z,139.68313999999998,40.97734000000001,29,5420
2019-11-02T04:09:10.000Z,139.683625,40.977593,29,5510
2019-11-02T04:09:16.000Z,139.6841,40.977855,30,5430
2019-11-02T04:09:22.000Z,139.68446799999998,40.978095,29,5160
2019-11-02T04:09:24.000Z,139.684698,40.978233,30,5170
2019-11-02T04:09:28.000Z,139.685013,40.978412,29,5320
2019-11-02T04:09:33.000Z,139.685333,40.978583,29,5340
2019-11-02T04:09:36.000Z,139.685565,40.978728,29,5240
2019-11-02T04:09:41.000Z,139.685955,40.978947,29,5360
2019-11-02T04:09:46.000Z,139.68636999999998,40.979158,29,5570
2019-11-02T04:09:52.000Z,139.686863,40.979398,29,5540
2019-11-02T04:09:58.000Z,139.68735700000002,40.979643,29,5640
2019-11-02T04:10:05.000Z,139.687935,40.97994,29,5540
2019-11-02T04:10:11.000Z,139.688402,40.9802,29,5460
2019-11-02T04:10:16.000Z,139.68888,40.980465,29,5390
2019-11-02T04:10:22.000Z,139.689273,40.980687,29,5260
2019-11-02T04:10:27.000Z,139.689665,40.980905,29,5270
2019-11-02T04:10:30.000Z,139.689983,40.981085,29,5280
2019-11-02T04:10:34.000Z,139.690293,40.98126,29,5340
2019-11-02T04:10:40.000Z,139.69068700000003,40.98149,30,5320
2019-11-02T04:10:46.000Z,139.69122,40.981805,29,5350
2019-11-02T04:10:50.000Z,139.691468,40.981928,29,5500
2019-11-02T04:10:54.000Z,139.691887,40.982132,29,5590
2019-11-02T04:10:58.000Z,139.69213,40.98226,29,5510
2019-11-02T04:11:05.000Z,139.69268300000002,40.982565,29,5400
2019-11-02T04:11:11.000Z,139.693167,40.98283,29,5420
2019-11-02T04:11:16.000Z,139.693653,40.983087,29,5480
2019-11-02T04:11:22.000Z,139.694042,40.983312,29,5330
2019-11-02T04:11:28.000Z,139.69458999999998,40.983622,29,5310
2019-11-02T04:11:32.000Z,139.694835,40.983743,29,5440
2019-11-02T04:11:34.000Z,139.695075,40.983868,29,5520
2019-11-02T04:11:41.000Z,139.695547,40.984142,30,5390
2019-11-02T04:11:44.000Z,139.695862,40.984318,29,5350
2019-11-02T04:11:58.000Z,139.696943,40.984838,30,5520
2019-11-02T04:12:05.000Z,139.69748,40.985162,30,5240
2019-11-02T04:12:11.000Z,139.69799799999998,40.985388,30,5720
2019-11-02T04:12:16.000Z,139.69839299999998,40.985612,30,5390
2019-11-02T04:12:21.000Z,139.698782,40.985845,30,5340
2019-11-02T04:12:28.000Z,139.69943500000002,40.986182,30,5590
2019-11-02T04:12:36.000Z,139.699993,40.986488,29,5340
2019-11-02T04:12:40.000Z,139.700322,40.986647,29,5550
2019-11-02T04:12:46.000Z,139.70091499999998,40.986917,29,5730
2019-11-02T04:12:52.000Z,139.701378,40.987195,29,5350
2019-11-02T04:12:55.000Z,139.701623,40.987325,29,5370
2019-11-02T04:13:01.000Z,139.70203700000002,40.987537,30,5490
2019-11-02T04:13:05.000Z,139.702348,40.987713,30,5430
2019-11-02T04:13:11.000Z,139.7028,40.98799,29,5280
2019-11-02T04:13:19.000Z,139.703462,40.988318,29,5690
2019-11-02T04:13:22.000Z,139.70371200000002,40.988435,30,5730
2019-11-02T04:13:25.000Z,139.703955,40.988562,30,5700
2019-11-02T04:13:31.000Z,139.704437,40.98881,30,5680
2019-11-02T04:13:34.000Z,139.704778,40.988957,29,5780
2019-11-02T04:13:40.000Z,139.70521200000002,40.989147,30,5800
2019-11-02T04:13:44.000Z,139.705522,40.989337,30,5440
2019-11-02T04:13:46.000Z,139.70575300000002,40.98947800000001,29,5320
2019-11-02T04:13:50.000Z,139.70608,40.989648,29,5470
2019-11-02T04:13:57.000Z,139.706553,40.98992,29,5290
2019-11-02T04:14:00.000Z,139.706847,40.990125,29,4990
2019-11-02T04:14:05.000Z,139.70713500000002,40.990325,29,4860
2019-11-02T04:14:11.000Z,139.70761000000002,40.990598,29,5170
2019-11-02T04:14:16.000Z,139.70809,40.990855,29,5360
2019-11-02T04:14:22.000Z,139.70853799999998,40.991145,29,5110
2019-11-02T04:14:28.000Z,139.708932,40.99137,29,5220
2019-11-02T04:14:34.000Z,139.709485,40.99169000000001,30,5300
2019-11-02T04:14:40.000Z,139.709848,40.991942,29,4930
2019-11-02T04:14:46.000Z,139.710253,40.992228,29,5060
2019-11-02T04:14:52.000Z,139.710768,40.99255,30,5120
2019-11-02T04:15:04.000Z,139.711695,40.993047,30,5260
2019-11-02T04:15:11.000Z,139.71223700000002,40.993385,30,5070
2019-11-02T04:15:16.000Z,139.712728,40.993648,30,5320
2019-11-02T04:15:22.000Z,139.713178,40.993937,30,5150
2019-11-02T04:15:28.000Z,139.713557,40.994172,30,5050
2019-11-02T04:15:34.000Z,139.714038,40.994442,30,5300
2019-11-02T04:15:40.000Z,139.714497,40.994728,30,5070
2019-11-02T04:15:47.000Z,139.71504299999998,40.995052,30,5160
2019-11-02T04:15:50.000Z,139.715293,40.995178,30,5350
2019-11-02T04:15:52.000Z,139.715545,40.995305,30,5460
2019-11-02T04:15:58.000Z,139.716002,40.995595,30,5190
2019-11-02T04:16:03.000Z,139.71623200000002,40.995733,30,5220
2019-11-02T04:16:06.000Z,139.716628,40.995963,30,5170
2019-11-02T04:16:11.000Z,139.71694,40.996148,30,5140
2019-11-02T04:16:16.000Z,139.7174,40.996427,30,5140
2019-11-02T04:16:20.000Z,139.717623,40.996577,30,5040
2019-11-02T04:16:24.000Z,139.717855,40.996718,30,5060
2019-11-02T04:16:28.000Z,139.718247,40.99695,30,5100
2019-11-02T04:16:31.000Z,139.718487,40.997082,30,5200
2019-11-02T04:16:34.000Z,139.718823,40.997245,30,5440
2019-11-02T04:16:39.000Z,139.71913999999998,40.997433,30,5390
2019-11-02T04:16:46.000Z,139.71966,40.997777,30,4980
2019-11-02T04:16:52.000Z,139.720158,40.99803,30,5320
2019-11-02T04:16:58.000Z,139.720688,40.998367,30,5100
2019-11-02T04:17:10.000Z,139.721562,40.998872,30,5390
2019-11-02T04:17:22.000Z,139.72258,40.999485,30,5250
2019-11-02T04:17:28.000Z,139.72298999999998,40.999697,30,5400
2019-11-02T04:17:33.000Z,139.723365,40.999937,30,5160
2019-11-02T04:17:36.000Z,139.723612,41.00007,30,5290
2019-11-02T04:17:40.000Z,139.72393300000002,41.000247,30,5330
2019-11-02T04:17:53.000Z,139.72493799999998,41.000867,30,5050
2019-11-02T04:17:58.000Z,139.725405,41.00113,30,5170
2019-11-02T04:18:04.000Z,139.72578700000003,41.001372,30,5020
2019-11-02T04:18:10.000Z,139.726252,41.001665,30,5070
2019-11-02T04:18:16.000Z,139.72682,41.001985,30,5290
2019-11-02T04:18:20.000Z,139.727128,41.002182,30,5180
2019-11-02T04:18:24.000Z,139.72744,41.002367,30,5240
2019-11-02T04:18:28.000Z,139.727675,41.002512,30,5180
2019-11-02T04:18:31.000Z,139.72791,41.002655,30,5150
2019-11-02T04:18:40.000Z,139.728592,41.003093,30,4990
2019-11-02T04:18:44.000Z,139.728887,41.00329,30,4940
2019-11-02T04:18:46.000Z,139.729108,41.00344000000001,30,4900
2019-11-02T04:18:50.000Z,139.729423,41.00363,30,4970
2019-11-02T04:18:54.000Z,139.729722,41.003837,30,4880
2019-11-02T04:18:58.000Z,139.73003500000002,41.004018,30,5030
2019-11-02T04:19:03.000Z,139.730332,41.004207,29,5030
2019-11-02T04:19:10.000Z,139.730873,41.004552,30,5000
2019-11-02T04:19:14.000Z,139.73118,41.004742,30,5060
2019-11-02T04:19:16.000Z,139.73141,41.00487800000001,30,5090
2019-11-02T04:19:22.000Z,139.731777,41.005123,29,4950
2019-11-02T04:19:26.000Z,139.732078,41.005318,30,4920
2019-11-02T04:19:30.000Z,139.732457,41.005553000000006,30,5010
2019-11-02T04:19:35.000Z,139.732755,41.00574500000001,30,4920
2019-11-02T04:19:46.000Z,139.733592,41.006272,29,5010
2019-11-02T04:19:51.000Z,139.734053,41.006555,30,5080
2019-11-02T04:19:58.000Z,139.734572,41.00691,30,4860
2019-11-02T04:20:02.000Z,139.73478500000002,41.007063,29,4750
2019-11-02T04:20:08.000Z,139.73532,41.007373,29,5070
2019-11-02T04:20:16.000Z,139.735863,41.00771,30,5080
2019-11-02T04:20:21.000Z,139.736247,41.007947,30,5120
2019-11-02T04:20:29.000Z,139.736855,41.008338,30,5050
2019-11-02T04:20:40.000Z,139.7377,41.008867,30,4980
2019-11-02T04:20:46.000Z,139.738235,41.009197,30,5020
2019-11-02T04:20:53.000Z,139.738698,41.009482,30,5060
2019-11-02T04:20:55.000Z,139.73892800000002,41.009625,30,5060
2019-11-02T04:20:58.000Z,139.739152,41.009775,30,4980
2019-11-02T04:21:05.000Z,139.739608,41.010065,30,4950
2019-11-02T04:21:16.000Z,139.740483,41.010575,30,5200
2019-11-02T04:21:29.000Z,139.74147299999998,41.011195,30,5110
2019-11-02T04:21:33.000Z,139.741857,41.01143,30,5070
2019-11-02T04:21:40.000Z,139.742322,41.011715,30,5140
2019-11-02T04:21:46.000Z,139.742875,41.012038,30,5150
2019-11-02T04:21:53.000Z,139.74334,41.012335,30,5100
2019-11-02T04:21:58.000Z,139.743818,41.012613,30,5170
2019-11-02T04:22:04.000Z,139.744283,41.012898,30,5110
2019-11-02T04:22:08.000Z,139.744518,41.01304,30,5100
2019-11-02T04:22:12.000Z,139.744922,41.013273,30,5220
2019-11-02T04:22:16.000Z,139.745157,41.013423,30,5060
2019-11-02T04:22:29.000Z,139.74613200000002,41.014068,30,4850
2019-11-02T04:22:40.000Z,139.74696,41.014615,30,4910
2019-11-02T04:22:42.000Z,139.74719199999998,41.014762,30,4920
2019-11-02T04:22:46.000Z,139.74749,41.014955,30,4900
2019-11-02T04:22:51.000Z,139.7478,41.01515,30,4980
2019-11-02T04:22:56.000Z,139.74827,41.015423,30,5160
2019-11-02T04:23:00.000Z,139.748498,41.015567,30,5100
2019-11-02T04:23:03.000Z,139.74873300000002,41.015705,30,5150
2019-11-02T04:23:08.000Z,139.748972,41.015838,30,5210
2019-11-02T04:23:12.000Z,139.749437,41.016133,30,5030
2019-11-02T04:23:16.000Z,139.749748,41.016325,30,5080
2019-11-02T04:23:22.000Z,139.750312,41.016638,30,5280
2019-11-02T04:23:29.000Z,139.75078200000002,41.016913,30,5210
2019-11-02T04:23:34.000Z,139.751257,41.017188,30,5240
2019-11-02T04:23:40.000Z,139.75165800000002,41.017432,30,5130
2019-11-02T04:23:46.000Z,139.752115,41.017715,30,5100
2019-11-02T04:23:52.000Z,139.75258,41.018,30,5150
2019-11-02T04:23:59.000Z,139.753127,41.018328,30,5160
2019-11-02T04:24:05.000Z,139.753593,41.018625,30,5030
2019-11-02T04:24:11.000Z,139.75405700000002,41.01891,30,5050
2019-11-02T04:24:15.000Z,139.754373,41.019095,30,5200
2019-11-02T04:24:21.000Z,139.754827,41.0194,30,4890
2019-11-02T04:24:27.000Z,139.75536499999998,41.019747,30,4910
2019-11-02T04:24:34.000Z,139.755902,41.02009,30,5040
2019-11-02T04:24:38.000Z,139.756198,41.0203,30,4840
2019-11-02T04:24:44.000Z,139.756678,41.020582,30,4990
2019-11-02T04:24:48.000Z,139.756908,41.020727,30,5030
2019-11-02T04:24:52.000Z,139.757273,41.020995,30,4810
2019-11-02T04:24:59.000Z,139.757722,41.02130800000001,30,4800
2019-11-02T04:25:03.000Z,139.75803,41.02149,30,5010
2019-11-02T04:25:11.000Z,139.75864199999998,41.02187,30,5010
2019-11-02T04:25:15.000Z,139.758965,41.022052,30,5160
2019-11-02T04:25:19.000Z,139.759292,41.022223,30,5320
2019-11-02T04:25:22.000Z,139.75954,41.022347,30,5470
2019-11-02T04:25:24.000Z,139.75978500000002,41.02248,30,5470
2019-11-02T04:25:28.000Z,139.76012,41.02265,30,5530
2019-11-02T04:25:34.000Z,139.760602,41.02292,30,5470
2019-11-02T04:25:38.000Z,139.760843,41.023058,30,5370
2019-11-02T04:25:40.000Z,139.761078,41.023197,30,5310
2019-11-02T04:25:46.000Z,139.761547,41.023478,30,5190
2019-11-02T04:25:52.000Z,139.762003,41.023772,30,5080
2019-11-02T04:25:58.000Z,139.76238,41.024017,30,5000
2019-11-02T04:26:01.000Z,139.76261,41.024155,30,5050
2019-11-02T04:26:05.000Z,139.76291799999998,41.024347,30,5070
2019-11-02T04:26:08.000Z,139.76314,41.024495,30,4990
2019-11-02T04:26:11.000Z,139.763363,41.024647,30,4940
2019-11-02T04:26:16.000Z,139.763748,41.024892,30,5020
2019-11-02T04:26:22.000Z,139.764217,41.025163,30,5140
2019-11-02T04:26:28.000Z,139.76473700000003,41.02552,30,4830
2019-11-02T04:26:34.000Z,139.765197,41.025803,30,4990
2019-11-02T04:26:38.000Z,139.7655,41.02599,29,5030
2019-11-02T04:26:42.000Z,139.76580800000002,41.02618,30,5040
2019-11-02T04:26:46.000Z,139.766132,41.026352,30,5240
2019-11-02T04:26:52.000Z,139.76658,41.026655,30,5000
2019-11-02T04:26:58.000Z,139.766968,41.026892,30,5110
2019-11-02T04:27:03.000Z,139.767353,41.02713,30,5110
2019-11-02T04:27:08.000Z,139.767728,41.027373,30,5020
2019-11-02T04:27:12.000Z,139.76801799999998,41.02757,29,4910
2019-11-02T04:27:16.000Z,139.768302,41.027775,29,4790
2019-11-02T04:27:22.000Z,139.768773,41.028052,29,4990
2019-11-02T04:27:25.000Z,139.76901999999998,41.028173,30,5300
2019-11-02T04:27:29.000Z,139.76931499999998,41.028363,29,5080
2019-11-02T04:27:34.000Z,139.76976299999998,41.028645,29,5040
2019-11-02T04:27:38.000Z,139.769998,41.028783,30,5140
2019-11-02T04:27:47.000Z,139.770698,41.029192,30,5130
2019-11-02T04:27:52.000Z,139.771127,41.029475,29,5180
2019-11-02T04:27:58.000Z,139.77149,41.029713,29,5210
2019-11-02T04:28:01.000Z,139.771715,41.029855,30,5160
2019-11-02T04:28:05.000Z,139.772042,41.03004,30,5200
2019-11-02T04:28:10.000Z,139.772557,41.03032,30,5140
2019-11-02T04:28:17.000Z,139.773033,41.030608,30,5060
2019-11-02T04:28:20.000Z,139.773263,41.03075,29,5020
2019-11-02T04:28:26.000Z,139.77378000000002,41.031093,30,4870
2019-11-02T04:28:33.000Z,139.77424,41.03138,30,4980
2019-11-02T04:28:36.000Z,139.77446799999998,41.031513,29,5100
2019-11-02T04:28:40.000Z,139.77477199999998,41.031698,29,5110
2019-11-02T04:28:52.000Z,139.775785,41.032295,30,5330
2019-11-02T04:28:58.000Z,139.77615,41.03254,29,5070
2019-11-02T04:29:05.000Z,139.776692,41.032877,30,5050
2019-11-02T04:29:10.000Z,139.777183,41.033127,30,5440
2019-11-02T04:29:16.000Z,139.77755,41.033372,29,5120
2019-11-02T04:29:19.000Z,139.777788,41.033503,29,5190
2019-11-02T04:29:23.000Z,139.778118,41.033675,30,5430
2019-11-02T04:29:31.000Z,139.77883,41.034082,30,5250
2019-11-02T04:29:40.000Z,139.779465,41.034443,30,5370
2019-11-02T04:29:47.000Z,139.78001,41.03477,30,5180
2019-11-02T04:29:53.000Z,139.78046,41.035058,30,5060
2019-11-02T04:29:58.000Z,139.780852,41.035285,29,5220
2019-11-02T04:30:05.000Z,139.78139299999998,41.035603,29,5260
2019-11-02T04:30:08.000Z,139.781625,41.035745,30,5160
2019-11-02T04:30:10.000Z,139.781855,41.035883,30,5150
2019-11-02T04:30:15.000Z,139.782165,41.03607,29,5170
2019-11-02T04:30:19.000Z,139.782478,41.036257,30,5200
2019-11-02T04:30:23.000Z,139.782795,41.036442,30,5150
2019-11-02T04:30:26.000Z,139.783023,41.036585,30,5100
2019-11-02T04:30:28.000Z,139.783265,41.036718,30,5190
2019-11-02T04:30:33.000Z,139.783577,41.036895,29,5270
2019-11-02T04:30:40.000Z,139.784107,41.037223,29,5110
2019-11-02T04:30:44.000Z,139.784427,41.0374,30,5290
2019-11-02T04:30:46.000Z,139.784672,41.037533,30,5320
2019-11-02T04:30:50.000Z,139.784978,41.037728,30,5220
2019-11-02T04:30:54.000Z,139.785292,41.03792,30,5110
2019-11-02T04:30:58.000Z,139.785528,41.038048,29,5240
2019-11-02T04:31:00.000Z,139.78576,41.038192,29,5170
2019-11-02T04:31:05.000Z,139.78606000000002,41.038377,30,5100
2019-11-02T04:31:08.000Z,139.786385,41.038547,30,5370
2019-11-02T04:31:12.000Z,139.78662,41.038683,29,5290
2019-11-02T04:31:17.000Z,139.787013,41.038913,30,5270
2019-11-02T04:31:20.000Z,139.78725,41.039053,30,5250
2019-11-02T04:31:23.000Z,139.787477,41.039202,30,5130
2019-11-02T04:31:26.000Z,139.78779699999998,41.039382,30,5220
2019-11-02T04:31:34.000Z,139.788418,41.039748,30,5220
2019-11-02T04:31:38.000Z,139.788635,41.039898,30,4970
2019-11-02T04:31:46.000Z,139.789353,41.040293,30,5260
2019-11-02T04:31:52.000Z,139.789742,41.040527,30,5210
2019-11-02T04:31:58.000Z,139.79021799999998,41.0408,30,5250
2019-11-02T04:32:02.000Z,139.79062199999998,41.041018,30,5350
2019-11-02T04:32:07.000Z,139.790933,41.041203,30,5280
2019-11-02T04:32:10.000Z,139.791248,41.041392,30,5260
2019-11-02T04:32:23.000Z,139.792182,41.04196500000001,30,5120
2019-11-02T04:32:28.000Z,139.792652,41.042238,30,5210
2019-11-02T04:32:33.000Z,139.792947,41.042435,30,4940
2019-11-02T04:32:40.000Z,139.793497,41.042757,30,5200
2019-11-02T04:32:45.000Z,139.793883,41.043,30,5220
2019-11-02T04:32:50.000Z,139.794273,41.043227,30,5220
2019-11-02T04:32:57.000Z,139.794823,41.043545,30,5270
2019-11-02T04:33:09.000Z,139.795795,41.044083,30,5320
2019-11-02T04:33:16.000Z,139.796323,41.044427,30,5050
2019-11-02T04:33:18.000Z,139.79656,41.044562,30,5130
2019-11-02T04:33:23.000Z,139.79689,41.044732,30,5380
2019-11-02T04:33:28.000Z,139.79737,41.045007,30,5310
2019-11-02T04:33:34.000Z,139.797742,41.04525,30,5070
2019-11-02T04:33:39.000Z,139.79815,41.045463,30,5380
2019-11-02T04:33:47.000Z,139.798768,41.045842,30,4940
2019-11-02T04:33:52.000Z,139.79913,41.046098,30,4830
2019-11-02T04:33:59.000Z,139.79968200000002,41.046425,30,5180
2019-11-02T04:34:02.000Z,139.79998700000002,41.046612,30,5150
2019-11-02T04:34:16.000Z,139.800983,41.047227,30,5380
2019-11-02T04:34:20.000Z,139.80131,41.047407,30,5390
2019-11-02T04:34:26.000Z,139.80177700000002,41.047693,30,5160
2019-11-02T04:34:28.000Z,139.802022,41.04782700000001,30,5210
2019-11-02T04:34:40.000Z,139.80291499999998,41.048297,30,5390
2019-11-02T04:34:46.000Z,139.80338799999998,41.04857,30,5290
2019-11-02T04:34:50.000Z,139.803783,41.048798,30,5290
2019-11-02T04:34:58.000Z,139.804342,41.049113,30,5320
2019-11-02T04:35:03.000Z,139.80473500000002,41.049338,30,5300
2019-11-02T04:35:08.000Z,139.805125,41.04957,30,5250
2019-11-02T04:35:12.000Z,139.80553,41.049787,30,5350
2019-11-02T04:35:16.000Z,139.805785,41.049913,30,5520
2019-11-02T04:35:24.000Z,139.806415,41.050282,30,5190
2019-11-02T04:35:26.000Z,139.80664299999998,41.050432,30,5110
2019-11-02T04:35:30.000Z,139.806878,41.05057,30,5170
2019-11-02T04:35:34.000Z,139.80727199999998,41.050795,30,5300
2019-11-02T04:35:38.000Z,139.807555,41.051,30,5010
2019-11-02T04:35:53.000Z,139.808638,41.051657,30,5250
2019-11-02T04:35:56.000Z,139.808862,41.051802,30,5100
2019-11-02T04:36:02.000Z,139.809322,41.052087,30,5100
2019-11-02T04:36:04.000Z,139.809567,41.052212,29,5300
2019-11-02T04:36:08.000Z,139.809893,41.05239,30,5350
2019-11-02T04:36:15.000Z,139.810363,41.052678,30,5090
2019-11-02T04:36:22.000Z,139.810903,41.052998,30,5280
2019-11-02T04:36:29.000Z,139.811455,41.053322,30,5170
2019-11-02T04:36:33.000Z,139.811768,41.053505,30,5170
2019-11-02T04:36:36.000Z,139.812005,41.053643,30,5200
2019-11-02T04:36:40.000Z,139.812332,41.053818,30,5350
2019-11-02T04:36:42.000Z,139.81258200000002,41.053942,30,5460
2019-11-02T04:36:47.000Z,139.812897,41.054127,30,5290
2019-11-02T04:36:53.000Z,139.813368,41.054405,30,5290
2019-11-02T04:36:58.000Z,139.813758,41.05464,30,5260
2019-11-02T04:37:04.000Z,139.814297,41.054977,30,5100
2019-11-02T04:37:10.000Z,139.81468,41.05522,30,5130
2019-11-02T04:37:13.000Z,139.814923,41.055357,30,5180
2019-11-02T04:37:17.000Z,139.815228,41.055543,30,5080
2019-11-02T04:37:21.000Z,139.815542,41.05572700000001,30,5090
2019-11-02T04:37:24.000Z,139.815875,41.055888,30,5360
2019-11-02T04:37:29.000Z,139.8162,41.056058,30,5390
2019-11-02T04:37:34.000Z,139.81666,41.056333,30,5270
2019-11-02T04:37:40.000Z,139.817055,41.056563,30,5220
2019-11-02T04:37:44.000Z,139.817445,41.05680200000001,30,5130
2019-11-02T04:37:53.000Z,139.818067,41.05718,30,5220
2019-11-02T04:37:58.000Z,139.818465,41.057412,30,5300
2019-11-02T04:38:04.000Z,139.81903,41.05772,30,5350
2019-11-02T04:38:10.000Z,139.81942800000002,41.057945,30,5340
2019-11-02T04:38:17.000Z,139.819988,41.058253,30,5380
2019-11-02T04:38:24.000Z,139.820572,41.058557,30,5450
2019-11-02T04:38:29.000Z,139.820977,41.058787,30,5340
2019-11-02T04:38:34.000Z,139.821377,41.059017,30,5340
2019-11-02T04:38:40.000Z,139.821855,41.059292,30,5280
2019-11-02T04:38:47.000Z,139.82241499999998,41.059613,30,5190
2019-11-02T04:38:53.000Z,139.822873,41.059908,30,5110
2019-11-02T04:38:58.000Z,139.823267,41.060143,30,5140
2019-11-02T04:39:04.000Z,139.82381,41.060482,30,5100
2019-11-02T04:39:10.000Z,139.824285,41.060782,30,5090
2019-11-02T04:39:15.000Z,139.824602,41.060968,30,5150
2019-11-02T04:39:18.000Z,139.824833,41.061115,30,5040
2019-11-02T04:39:23.000Z,139.82523,41.061347,30,5080
2019-11-02T04:39:27.000Z,139.825538,41.061538,30,5110
2019-11-02T04:39:34.000Z,139.826183,41.061895,30,5320
2019-11-02T04:39:40.000Z,139.826577,41.062137,30,5210
2019-11-02T04:39:45.000Z,139.826997,41.06234,30,5540
2019-11-02T04:39:51.000Z,139.827517,41.062575,30,5720
2019-11-02T04:39:54.000Z,139.827855,41.062737,30,5770
2019-11-02T04:39:58.000Z,139.828108,41.062865,30,5710
2019-11-02T04:40:02.000Z,139.828465,41.06301,30,5960
2019-11-02T04:40:04.000Z,139.82871200000002,41.063143,30,5860
2019-11-02T04:40:08.000Z,139.82895200000002,41.063287,30,5510
2019-11-02T04:40:10.000Z,139.829198,41.063422,30,5480
2019-11-02T04:40:15.000Z,139.829532,41.063593,30,5540
2019-11-02T04:40:23.000Z,139.830173,41.063942,30,5430
2019-11-02T04:40:29.000Z,139.830675,41.064203000000006,30,5470
2019-11-02T04:40:34.000Z,139.83118000000002,41.064475,30,5500
2019-11-02T04:40:40.000Z,139.831668,41.06475,30,5460
2019-11-02T04:40:46.000Z,139.832165,41.065007,30,5510
2019-11-02T04:40:52.000Z,139.832577,41.065215,30,5640
2019-11-02T04:40:58.000Z,139.833025,41.065465,30,5510
2019-11-02T04:41:04.000Z,139.833583,41.065765,30,5620
2019-11-02T04:41:10.000Z,139.834018,41.06596500000001,30,5750
2019-11-02T04:41:15.000Z,139.834427,41.066188,30,5650
2019-11-02T04:41:18.000Z,139.83478200000002,41.066363,30,5520
2019-11-02T04:41:23.000Z,139.835165,41.066522,30,5640
2019-11-02T04:41:29.000Z,139.835723,41.066752,30,5800
2019-11-02T04:41:33.000Z,139.836062,41.066932,30,5560
2019-11-02T04:41:40.000Z,139.836727,41.067293,30,5550
2019-11-02T04:41:44.000Z,139.836983,41.067417,30,5630
2019-11-02T04:41:46.000Z,139.837228,41.067548,30,5580
2019-11-02T04:41:52.000Z,139.837658,41.067765,30,5560
2019-11-02T04:41:55.000Z,139.83791499999998,41.067892,30,5610
2019-11-02T04:41:58.000Z,139.838168,41.06802,30,5620
2019-11-02T04:42:04.000Z,139.838755,41.068322,30,5570
2019-11-02T04:42:15.000Z,139.839617,41.068738,30,5730
2019-11-02T04:42:18.000Z,139.839883,41.068853,30,5940
2019-11-02T04:42:21.000Z,139.840157,41.068963,30,6020
2019-11-02T04:42:29.000Z,139.84082,41.069307,30,5510
2019-11-02T04:42:32.000Z,139.841065,41.069442,30,5470
2019-11-02T04:42:34.000Z,139.841332,41.06956,30,5580
2019-11-02T04:42:38.000Z,139.841685,41.069725,30,5770
2019-11-02T04:42:43.000Z,139.84201299999998,41.069898,30,5620
2019-11-02T04:42:46.000Z,139.842337,41.070083,30,5500
2019-11-02T04:42:51.000Z,139.842675,41.070253,30,5520
2019-11-02T04:42:56.000Z,139.84312,41.070448,30,5820
2019-11-02T04:43:01.000Z,139.843542,41.070655,30,5740
2019-11-02T04:43:04.000Z,139.84386,41.070837,30,5550
2019-11-02T04:43:12.000Z,139.844528,41.07118,30,5580
2019-11-02T04:43:23.000Z,139.845345,41.071635,30,5380
2019-11-02T04:43:26.000Z,139.845595,41.071765,30,5470
2019-11-02T04:43:29.000Z,139.845847,41.071897,30,5500
2019-11-02T04:43:35.000Z,139.846348,41.072163,30,5500
2019-11-02T04:43:46.000Z,139.847363,41.072657,30,5690
2019-11-02T04:43:52.000Z,139.84779,41.072865,30,5750
2019-11-02T04:43:54.000Z,139.84804499999998,41.072995,30,5690
2019-11-02T04:43:58.000Z,139.84830300000002,41.073125,30,5680
2019-11-02T04:44:04.000Z,139.84891000000002,41.073407,30,5760
2019-11-02T04:44:09.000Z,139.849243,41.07358,30,5700
2019-11-02T04:44:12.000Z,139.849492,41.073718,30,5570
2019-11-02T04:44:17.000Z,139.849913,41.073933,30,5620
2019-11-02T04:44:23.000Z,139.850437,41.07418,30,5740
2019-11-02T04:44:29.000Z,139.85091200000002,41.07447,30,5330
2019-11-02T04:44:35.000Z,139.851417,41.07473,30,5620
2019-11-02T04:44:40.000Z,139.851923,41.074997,30,5520
2019-11-02T04:44:46.000Z,139.85241499999998,41.07527,30,5390
2019-11-02T04:44:50.000Z,139.85267199999998,41.075388,30,5590
2019-11-02T04:44:58.000Z,139.85333799999998,41.075748,30,5430
2019-11-02T04:45:04.000Z,139.853918,41.076065,30,5400
2019-11-02T04:45:10.000Z,139.854352,41.076282,30,5580
2019-11-02T04:45:17.000Z,139.85492,41.076592,30,5450
2019-11-02T04:45:21.000Z,139.85526299999998,41.076758,30,5510
2019-11-02T04:45:29.000Z,139.85596,41.077075,30,5810
2019-11-02T04:45:32.000Z,139.856295,41.077252,30,5710
2019-11-02T04:45:36.000Z,139.85663200000002,41.077432,30,5560
2019-11-02T04:45:46.000Z,139.857473,41.07787,30,5560
2019-11-02T04:45:52.000Z,139.857872,41.07811,30,5340
2019-11-02T04:45:58.000Z,139.85838,41.078357,30,5620
2019-11-02T04:46:04.000Z,139.858958,41.07867,30,5490
2019-11-02T04:46:10.000Z,139.859455,41.078947,30,5380
2019-11-02T04:46:17.000Z,139.85994,41.07921500000001,30,5430
2019-11-02T04:46:23.000Z,139.860433,41.079475,30,5510
2019-11-02T04:46:29.000Z,139.860922,41.079748,30,5410
2019-11-02T04:46:34.000Z,139.861332,41.079975,30,5420
2019-11-02T04:46:40.000Z,139.86183,41.080235,30,5540
2019-11-02T04:46:45.000Z,139.862243,41.08046,30,5490
2019-11-02T04:46:48.000Z,139.86248999999998,41.080602,30,5390
2019-11-02T04:46:52.000Z,139.86281,41.08078,30,5390
2019-11-02T04:46:57.000Z,139.863227,41.080998,30,5440
2019-11-02T04:47:00.000Z,139.863578,41.081162,30,5550
2019-11-02T04:47:04.000Z,139.863842,41.08127800000001,30,5720
2019-11-02T04:47:07.000Z,139.86409799999998,41.081402,30,5770
2019-11-02T04:47:10.000Z,139.864418,41.081585,30,5510
2019-11-02T04:47:14.000Z,139.864657,41.081725,30,5380
2019-11-02T04:47:17.000Z,139.864903,41.081857,30,5400
2019-11-02T04:47:23.000Z,139.86543999999998,41.082088,30,5830
2019-11-02T04:47:29.000Z,139.865925,41.082373,30,5390
2019-11-02T04:47:32.000Z,139.866173,41.082505,30,5420
2019-11-02T04:47:42.000Z,139.867025,41.08292,30,5690
2019-11-02T04:47:47.000Z,139.867412,41.083163,30,5240
2019-11-02T04:47:50.000Z,139.867653,41.083308,30,5210
2019-11-02T04:47:54.000Z,139.867973,41.083497,30,5220
2019-11-02T04:47:59.000Z,139.868363,41.08373,30,5200
2019-11-02T04:48:05.000Z,139.868847,41.08400200000001,30,5250
2019-11-02T04:48:09.000Z,139.869177,41.084175,30,5400
2019-11-02T04:48:17.000Z,139.869825,41.084538,30,5390
2019-11-02T04:48:22.000Z,139.870312,41.0848,30,5400
2019-11-02T04:48:28.000Z,139.870807,41.085063,30,5430
2019-11-02T04:48:34.000Z,139.87121499999998,41.0853,30,5310
2019-11-02T04:48:37.000Z,139.87146,41.085442,30,5350
2019-11-02T04:48:40.000Z,139.871793,41.08561,30,5440
2019-11-02T04:48:47.000Z,139.8723,41.085858,30,5640
2019-11-02T04:48:52.000Z,139.87270800000002,41.086078,30,5480
2019-11-02T04:48:59.000Z,139.873273,41.0864,30,5400
2019-11-02T04:49:03.000Z,139.87368999999998,41.08662800000001,30,5500
2019-11-02T04:49:10.000Z,139.87424,41.08696,30,5240
2019-11-02T04:49:17.000Z,139.874725,41.087238,30,5250
2019-11-02T04:49:22.000Z,139.875127,41.087462,30,5280
2019-11-02T04:49:24.000Z,139.875373,41.087592,30,5350
2019-11-02T04:49:28.000Z,139.875697,41.087772,30,5360
2019-11-02T04:49:32.000Z,139.87593,41.087915,30,5230
2019-11-02T04:49:40.000Z,139.87669,41.088292,30,5650
2019-11-02T04:49:47.000Z,139.877142,41.088595,30,5080
2019-11-02T04:49:53.000Z,139.877615,41.088883,30,5150
2019-11-02T04:49:58.000Z,139.87801299999998,41.089125,30,5160
2019-11-02T04:50:05.000Z,139.878552,41.089475,30,4990
2019-11-02T04:50:10.000Z,139.879032,41.089745,30,5220
2019-11-02T04:50:17.000Z,139.879493,41.09005,30,4960
2019-11-02T04:50:21.000Z,139.87981000000002,41.09024,30,5010
2019-11-02T04:50:25.000Z,139.880143,41.090412,30,5310
2019-11-02T04:50:28.000Z,139.88046,41.090603,30,5270
2019-11-02T04:50:31.000Z,139.88069199999998,41.090748,30,5150
2019-11-02T04:50:40.000Z,139.881428,41.091157,30,5430
2019-11-02T04:50:47.000Z,139.88190500000002,41.091435,30,5240
2019-11-02T04:50:50.000Z,139.882143,41.09158,30,5170
2019-11-02T04:50:53.000Z,139.88238700000002,41.091718,30,5220
2019-11-02T04:50:56.000Z,139.88271799999998,41.091892,30,5390
2019-11-02T04:51:03.000Z,139.88318999999998,41.092178,30,5240
2019-11-02T04:51:08.000Z,139.88368300000002,41.092452,30,5320
2019-11-02T04:51:12.000Z,139.884008,41.092635,30,5320
2019-11-02T04:51:16.000Z,139.884322,41.092832,30,5200
2019-11-02T04:51:25.000Z,139.884967,41.093208,30,5320
2019-11-02T04:51:28.000Z,139.885293,41.093385,30,5400
2019-11-02T04:51:35.000Z,139.88576799999998,41.093655,30,5470
2019-11-02T04:51:38.000Z,139.886102,41.09382700000001,30,5530
2019-11-02T04:51:47.000Z,139.886792,41.094143,30,5670
2019-11-02T04:51:50.000Z,139.887033,41.094278,30,5500
2019-11-02T04:51:53.000Z,139.887283,41.09441,30,5480
2019-11-02T04:51:56.000Z,139.887618,41.094575,30,5570
2019-11-02T04:52:09.000Z,139.888645,41.09517,30,5110
2019-11-02T04:52:16.000Z,139.889223,41.095483,30,5350
2019-11-02T04:52:22.000Z,139.889625,41.095708,30,5330
2019-11-02T04:52:28.000Z,139.890178,41.096032,30,5280
2019-11-02T04:52:34.000Z,139.890587,41.096255,30,5340
2019-11-02T04:52:40.000Z,139.891157,41.09657,30,5370
2019-11-02T04:52:47.000Z,139.891625,41.09686,30,5180
2019-11-02T04:52:58.000Z,139.89258700000002,41.097403,30,5310
2019-11-02T04:53:07.000Z,139.893233,41.097782,30,5260
2019-11-02T04:53:11.000Z,139.89354,41.097973,30,5160
2019-11-02T04:53:16.000Z,139.894033,41.098248,30,5290
2019-11-02T04:53:20.000Z,139.894275,41.098383,30,5320
2019-11-02T04:53:24.000Z,139.894597,41.098567,30,5350
2019-11-02T04:53:27.000Z,139.89483,41.098703,30,5310
2019-11-02T04:53:41.000Z,139.89595,41.099292,30,5820
2019-11-02T04:53:47.000Z,139.89641,41.099572,30,5540
2019-11-02T04:53:50.000Z,139.896737,41.09975,30,5560
2019-11-02T04:53:58.000Z,139.89736499999998,41.1,30,6010
2019-11-02T04:54:04.000Z,139.897895,41.100248,30,5590
2019-11-02T04:54:09.000Z,139.898318,41.100468,30,5460
2019-11-02T04:54:14.000Z,139.898848,41.100692,30,5810
2019-11-02T04:54:18.000Z,139.8991,41.100817,30,5650
2019-11-02T04:54:23.000Z,139.89949199999998,41.10106,30,5310
2019-11-02T04:54:28.000Z,139.89999,41.101307,30,5590
2019-11-02T04:54:34.000Z,139.90051699999998,41.101532,30,5910
2019-11-02T04:54:40.000Z,139.900927,41.101743,30,5710
2019-11-02T04:54:47.000Z,139.90152700000002,41.10202,30,5710
2019-11-02T04:54:52.000Z,139.902027,41.102282,30,5630
2019-11-02T04:54:58.000Z,139.902453,41.10247800000001,30,5760
2019-11-02T04:55:05.000Z,139.903023,41.102783,30,5520
2019-11-02T04:55:10.000Z,139.90344299999998,41.102997,30,5580
2019-11-02T04:55:17.000Z,139.904025,41.103282,30,5670
2019-11-02T04:55:23.000Z,139.90450800000002,41.103548,30,5450
2019-11-02T04:55:28.000Z,139.905007,41.103812,30,5490
2019-11-02T04:55:34.000Z,139.905493,41.104072,30,5500
2019-11-02T04:55:40.000Z,139.905903,41.104277,30,5600
2019-11-02T04:55:47.000Z,139.906492,41.104575,30,5650
2019-11-02T04:55:52.000Z,139.906993,41.104838,30,5610
2019-11-02T04:55:58.000Z,139.907407,41.105035,30,5680
2019-11-02T04:56:05.000Z,139.907983,41.105327,30,5630
2019-11-02T04:56:10.000Z,139.908408,41.105535,30,5650
2019-11-02T04:56:15.000Z,139.90882,41.10574,30,5680
2019-11-02T04:56:18.000Z,139.909067,41.105863,30,5710
2019-11-02T04:56:23.000Z,139.909475,41.106078,30,5630
2019-11-02T04:56:26.000Z,139.909728,41.106202,30,5740
2019-11-02T04:56:28.000Z,139.909985,41.106325,30,5840
2019-11-02T04:56:33.000Z,139.91034,41.106478,30,5950
2019-11-02T04:56:36.000Z,139.910585,41.1066,29,5810
2019-11-02T04:56:41.000Z,139.91098200000002,41.106825,30,5440
2019-11-02T04:56:47.000Z,139.911473,41.10709,30,5550
2019-11-02T04:56:51.000Z,139.911807,41.107252,30,5660
2019-11-02T04:56:54.000Z,139.912137,41.107415,30,5620
2019-11-02T04:56:58.000Z,139.912378,41.107545,30,5420
2019-11-02T04:57:01.000Z,139.91262,41.10768,30,5470
2019-11-02T04:57:05.000Z,139.912965,41.10783,30,5800
2019-11-02T04:57:09.000Z,139.913313,41.107968,30,5960
2019-11-02T04:57:16.000Z,139.913877,41.108268,29,5640
2019-11-02T04:57:22.000Z,139.91446000000002,41.108567,30,5620
2019-11-02T04:57:28.000Z,139.91493799999998,41.10882700000001,29,5570
2019-11-02T04:57:35.000Z,139.915423,41.109087,29,5600
2019-11-02T04:57:38.000Z,139.91575500000002,41.109253,29,5650
