timestamp,longitude,latitude,speed,direction
2019-10-01T21:10:45.000Z,55.06013299999999,24.991133,0,21500
2019-10-01T21:25:44.000Z,55.06013299999999,24.991133,0,21500
2019-10-01T21:37:45.000Z,55.0601,24.991133,0,20500
2019-10-01T21:50:03.000Z,55.06011700000001,24.9911,0,20500
2019-10-01T22:04:44.000Z,55.0601,24.991133,0,20500
2019-10-01T22:16:45.000Z,55.06011700000001,24.991183,0,17300
2019-10-01T22:31:44.000Z,55.06011700000001,24.991233,0,19400
2019-10-01T22:43:45.000Z,55.059933,24.99125,0,10800
2019-10-01T22:58:44.000Z,55.0601,24.99115,0,29500
2019-10-01T23:10:45.000Z,55.0601,24.99115,0,19800
2019-10-01T23:25:44.000Z,55.06011700000001,24.99115,0,17800
2019-10-01T23:37:45.000Z,55.06015,24.9912,0,18000
2019-10-01T23:52:44.000Z,55.06015,24.991167,0,18500
2019-10-02T00:04:45.000Z,55.06015,24.991167,0,19800
2019-10-02T00:16:51.000Z,55.06013299999999,24.9912,0,17700
2019-10-02T00:31:44.000Z,55.06015,24.99115,0,17500
2019-10-02T00:43:45.000Z,55.06013299999999,24.991167,0,17800
2019-10-02T00:54:09.000Z,55.059867,24.991317,0,30500
2019-10-02T00:54:59.000Z,55.059717000000006,24.991433,1,30500
2019-10-02T00:55:39.000Z,55.059567,24.991533,1,30600
2019-10-02T00:56:39.000Z,55.0594,24.99165,0,30100
2019-10-02T00:57:29.000Z,55.05925,24.99175,0,30300
2019-10-02T00:58:29.000Z,55.0591,24.991867000000006,0,30900
2019-10-02T00:59:29.000Z,55.058967,24.992,0,31400
2019-10-02T01:00:39.000Z,55.058783,24.992033,1,24500
2019-10-02T01:01:39.000Z,55.058567,24.991983,1,24600
2019-10-02T01:02:39.000Z,55.058317,24.991933,1,25400
2019-10-02T01:03:19.000Z,55.058133,24.991917,1,26000
2019-10-02T01:03:49.000Z,55.05785,24.991883,3,25900
2019-10-02T01:04:19.000Z,55.057583,24.991833,4,26600
2019-10-02T01:04:39.000Z,55.05735,24.991833,4,27000
2019-10-02T01:04:59.000Z,55.057083,24.991867000000006,4,27400
2019-10-02T01:05:19.000Z,55.056817,24.991917,4,28000
2019-10-02T01:05:39.000Z,55.05655,24.992,5,28600
2019-10-02T01:05:59.000Z,55.05626700000001,24.9921,5,28900
2019-10-02T01:06:10.000Z,55.056083,24.992167,5,29000
2019-10-02T01:06:19.000Z,55.0559,24.992233,5,29100
2019-10-02T01:06:40.000Z,55.05561700000001,24.992367,5,29400
2019-10-02T01:06:59.000Z,55.055333,24.992517000000007,5,30000
2019-10-02T01:07:10.000Z,55.05518299999999,24.992617000000006,5,30300
2019-10-02T01:07:34.000Z,55.05495,24.992767,6,30700
2019-10-02T01:07:39.000Z,55.0548,24.992867,6,30800
2019-10-02T01:07:59.000Z,55.054517,24.993067,6,30800
2019-10-02T01:08:09.000Z,55.05435,24.993183,6,30800
2019-10-02T01:08:29.000Z,55.054067,24.993417,7,31200
2019-10-02T01:08:48.000Z,55.05385,24.99365,7,31300
2019-10-02T01:08:58.000Z,55.0537,24.993783,7,31300
2019-10-02T01:09:10.000Z,55.053567,24.993917,7,31400
2019-10-02T01:09:18.000Z,55.053433,24.994033,7,31400
2019-10-02T01:09:29.000Z,55.05326700000001,24.994183,7,31400
2019-10-02T01:09:39.000Z,55.0531,24.99435,7,31500
2019-10-02T01:09:58.000Z,55.05283299999999,24.9946,8,31600
2019-10-02T01:10:08.000Z,55.05266700000001,24.994767,8,31700
2019-10-02T01:10:18.000Z,55.052533,24.994917,8,31800
2019-10-02T01:10:29.000Z,55.052367,24.995083,8,31900
2019-10-02T01:10:39.000Z,55.05221700000001,24.995267,8,32000
2019-10-02T01:10:48.000Z,55.052067,24.99545,8,32100
2019-10-02T01:10:58.000Z,55.051933,24.995617000000006,8,32300
2019-10-02T01:11:08.000Z,55.051833,24.995767,8,32400
2019-10-02T01:11:18.000Z,55.051683,24.995967,8,32600
2019-10-02T01:11:29.000Z,55.05155,24.996167,8,32800
2019-10-02T01:11:39.000Z,55.05145,24.99635,8,32900
2019-10-02T01:11:48.000Z,55.05133299999999,24.996533,8,33100
2019-10-02T01:11:59.000Z,55.051183,24.996767,8,33300
2019-10-02T01:12:08.000Z,55.051067,24.996967,8,33400
2019-10-02T01:12:18.000Z,55.050983,24.99715,8,33500
2019-10-02T01:12:29.000Z,55.05085,24.9974,8,33500
2019-10-02T01:12:38.000Z,55.05076700000001,24.997567,8,33500
2019-10-02T01:12:48.000Z,55.05068299999999,24.99775,8,33600
2019-10-02T01:12:59.000Z,55.050583,24.99795,8,33600
2019-10-02T01:13:18.000Z,55.050417,24.9983,7,33700
2019-10-02T01:13:29.000Z,55.050333,24.9985,7,33700
2019-10-02T01:13:39.000Z,55.05026700000001,24.998667,7,33700
2019-10-02T01:13:49.000Z,55.050167,24.998867,7,33800
2019-10-02T01:13:59.000Z,55.0501,24.99905,7,33800
2019-10-02T01:14:08.000Z,55.050033,24.999217,7,33800
2019-10-02T01:14:29.000Z,55.049883,24.999583,7,33900
2019-10-02T01:14:39.000Z,55.0498,24.99975,7,33900
2019-10-02T01:14:59.000Z,55.04966700000001,25.0001,7,34000
2019-10-02T01:15:18.000Z,55.04955,25.0004,7,34000
2019-10-02T01:15:29.000Z,55.04946700000001,25.000617,6,34000
2019-10-02T01:15:48.000Z,55.04935,25.000933,6,34100
2019-10-02T01:16:08.000Z,55.04925,25.00125,6,34100
2019-10-02T01:16:19.000Z,55.0492,25.001433,6,34100
2019-10-02T01:16:38.000Z,55.0491,25.001717000000006,6,34100
2019-10-02T01:16:59.000Z,55.04898299999999,25.002017,6,34100
2019-10-02T01:17:08.000Z,55.048917,25.002183,6,34100
2019-10-02T01:17:28.000Z,55.04881700000001,25.002483,6,34100
2019-10-02T01:17:38.000Z,55.04875,25.00265,6,34100
2019-10-02T01:17:59.000Z,55.04865,25.00295,6,34100
2019-10-02T01:18:19.000Z,55.048533,25.00325,6,34100
2019-10-02T01:18:38.000Z,55.048433,25.003517,5,34100
2019-10-02T01:18:59.000Z,55.04833299999999,25.0038,5,34100
2019-10-02T01:19:19.000Z,55.04825,25.004067000000006,5,34100
2019-10-02T01:19:38.000Z,55.04815,25.004333,5,34100
2019-10-02T01:19:59.000Z,55.048033,25.004633,5,34100
2019-10-02T01:20:19.000Z,55.04791700000001,25.004917000000006,5,34100
2019-10-02T01:20:39.000Z,55.047817,25.005183,5,34100
2019-10-02T01:20:59.000Z,55.047733,25.00545,5,34100
2019-10-02T01:21:19.000Z,55.047633,25.0057,5,34100
2019-10-02T01:21:39.000Z,55.047533,25.00595,5,34100
2019-10-02T01:21:59.000Z,55.04745,25.0062,5,34200
2019-10-02T01:22:19.000Z,55.047367,25.00645,5,34200
2019-10-02T01:22:39.000Z,55.04726700000001,25.006717,5,34200
2019-10-02T01:22:59.000Z,55.047183,25.006967000000003,5,34200
2019-10-02T01:23:19.000Z,55.0471,25.0072,5,34200
2019-10-02T01:23:39.000Z,55.047033,25.007433,5,34200
2019-10-02T01:23:59.000Z,55.04695,25.007683,4,34300
2019-10-02T01:24:19.000Z,55.046867000000006,25.0079,4,34300
2019-10-02T01:24:39.000Z,55.046783,25.00815,4,34300
2019-10-02T01:25:00.000Z,55.046717,25.008367,4,34300
2019-10-02T01:25:20.000Z,55.04663299999999,25.008583,4,34200
2019-10-02T01:25:39.000Z,55.04655,25.008817,5,34000
2019-10-02T01:26:00.000Z,55.04643299999999,25.009083,5,34000
2019-10-02T01:26:19.000Z,55.0463,25.0094,6,33900
2019-10-02T01:26:39.000Z,55.046183,25.0097,6,33900
2019-10-02T01:27:00.000Z,55.046033,25.010017,6,33800
2019-10-02T01:27:09.000Z,55.04596700000001,25.010183,6,33900
2019-10-02T01:27:29.000Z,55.045833,25.010533,7,33900
2019-10-02T01:27:50.000Z,55.045683,25.010883,7,33900
2019-10-02T01:28:00.000Z,55.04561700000001,25.01105,7,33900
2019-10-02T01:28:09.000Z,55.045533,25.01125,7,33900
2019-10-02T01:28:19.000Z,55.04545,25.011417,7,33900
2019-10-02T01:28:29.000Z,55.04536700000001,25.011633,8,33900
2019-10-02T01:28:50.000Z,55.045217,25.01205,8,34000
2019-10-02T01:29:00.000Z,55.04513299999999,25.012267,9,34000
2019-10-02T01:29:09.000Z,55.04505,25.0125,9,34100
2019-10-02T01:29:19.000Z,55.04495,25.01275,9,34100
2019-10-02T01:29:30.000Z,55.044867,25.012967,9,34100
2019-10-02T01:29:38.000Z,55.0448,25.013167000000006,10,34000
2019-10-02T01:29:50.000Z,55.044667,25.01345,10,33700
2019-10-02T01:30:00.000Z,55.044533,25.0137,10,33500
2019-10-02T01:30:08.000Z,55.044433,25.013917000000006,10,33400
2019-10-02T01:30:20.000Z,55.04426700000001,25.014167,10,33200
2019-10-02T01:30:30.000Z,55.044133,25.014417,10,33300
2019-10-02T01:30:38.000Z,55.044,25.01465,11,33300
2019-10-02T01:30:50.000Z,55.04385,25.014933,11,33300
2019-10-02T01:30:58.000Z,55.043717,25.015167,11,33200
2019-10-02T01:31:08.000Z,55.043567,25.015417000000006,11,33200
2019-10-02T01:31:20.000Z,55.043383,25.01575,11,33200
2019-10-02T01:31:30.000Z,55.04325,25.015983,12,33200
2019-10-02T01:31:39.000Z,55.043117,25.0162,12,33100
2019-10-02T01:31:49.000Z,55.042917,25.016517,12,33000
2019-10-02T01:31:58.000Z,55.04276700000001,25.016783,12,33000
2019-10-02T01:32:08.000Z,55.04255,25.017117,13,33100
2019-10-02T01:32:19.000Z,55.04236700000001,25.017467,13,33200
2019-10-02T01:32:30.000Z,55.042167000000006,25.017833,14,33300
2019-10-02T01:32:38.000Z,55.04205,25.018067,14,33400
2019-10-02T01:32:48.000Z,55.04185,25.018517000000006,15,33600
2019-10-02T01:32:58.000Z,55.04171700000001,25.018767,15,33600
2019-10-02T01:33:08.000Z,55.04155,25.019133,15,33700
2019-10-02T01:33:19.000Z,55.04135,25.019633,15,33800
2019-10-02T01:33:29.000Z,55.0412,25.019983,16,33900
2019-10-02T01:33:38.000Z,55.04105,25.020333,16,33900
2019-10-02T01:33:48.000Z,55.04091700000001,25.0207,16,34000
2019-10-02T01:33:58.000Z,55.04075,25.0211,17,33900
2019-10-02T01:34:08.000Z,55.04055,25.021533,17,34000
2019-10-02T01:34:19.000Z,55.0404,25.021917,17,34000
2019-10-02T01:34:29.000Z,55.0402,25.022467,17,34000
2019-10-02T01:34:38.000Z,55.04006700000001,25.022783,18,34000
2019-10-02T01:34:48.000Z,55.03985,25.023367,18,34000
2019-10-02T01:34:58.000Z,55.039717,25.023683,19,34000
2019-10-02T01:35:08.000Z,55.039533,25.024167,19,34000
2019-10-02T01:35:19.000Z,55.039283,25.024783,20,33900
2019-10-02T01:35:30.000Z,55.0391,25.025217,20,34000
2019-10-02T01:35:38.000Z,55.03891700000001,25.025667,20,33900
2019-10-02T01:35:49.000Z,55.03873299999999,25.026117000000006,21,34000
2019-10-02T01:35:58.000Z,55.03855,25.026683,21,34000
2019-10-02T01:36:08.000Z,55.038333,25.0272,21,34000
2019-10-02T01:36:19.000Z,55.03811700000001,25.027783,21,34000
2019-10-02T01:36:29.000Z,55.03786700000001,25.02835,22,33900
2019-10-02T01:36:38.000Z,55.0377,25.028717,22,33800
2019-10-02T01:36:49.000Z,55.037383,25.029383,22,33600
2019-10-02T01:36:58.000Z,55.0372,25.02975,22,33600
2019-10-02T01:37:08.000Z,55.03695,25.030283,22,33500
2019-10-02T01:37:19.000Z,55.03661700000001,25.030967,22,33600
2019-10-02T01:37:29.000Z,55.036433,25.031317,22,33500
2019-10-02T01:37:38.000Z,55.036067,25.032,22,33400
2019-10-02T01:37:49.000Z,55.0358,25.03245,22,33200
2019-10-02T01:37:58.000Z,55.035533,25.032833,22,32900
2019-10-02T01:38:05.000Z,55.035217,25.03325,22,32700
2019-10-02T01:38:12.000Z,55.035,25.033533,22,32500
2019-10-02T01:38:19.000Z,55.03471700000001,25.033833,22,32100
2019-10-02T01:38:25.000Z,55.03441700000001,25.034117,22,31900
2019-10-02T01:38:32.000Z,55.03415,25.03435,22,31700
2019-10-02T01:38:38.000Z,55.033933,25.034533,22,31500
2019-10-02T01:38:49.000Z,55.03335,25.03505,22,31400
2019-10-02T01:38:58.000Z,55.033033,25.035333,22,31400
2019-10-02T01:39:08.000Z,55.032583,25.035733,22,31300
2019-10-02T01:39:19.000Z,55.03206700000001,25.036167000000006,22,31300
2019-10-02T01:39:28.000Z,55.031567,25.036617,23,31300
2019-10-02T01:39:38.000Z,55.031133,25.036983,23,31300
2019-10-02T01:39:49.000Z,55.03061700000001,25.037417,23,31300
2019-10-02T01:39:58.000Z,55.030233,25.037783,23,31300
2019-10-02T01:40:08.000Z,55.0297,25.0382,23,31300
2019-10-02T01:40:19.000Z,55.029167,25.0387,23,31300
2019-10-02T01:40:38.000Z,55.028283,25.039417,24,31300
2019-10-02T01:40:49.000Z,55.0277,25.039917000000006,24,31300
2019-10-02T01:40:58.000Z,55.027317,25.04025,24,31300
2019-10-02T01:41:08.000Z,55.02676700000001,25.040717,24,31300
2019-10-02T01:41:19.000Z,55.026233,25.0412,24,31200
2019-10-02T01:41:28.000Z,55.025767,25.041583,24,31200
2019-10-02T01:41:38.000Z,55.025317,25.041967,24,31200
2019-10-02T01:41:49.000Z,55.024733,25.0425,25,31300
2019-10-02T01:41:58.000Z,55.024333,25.04285,25,31300
2019-10-02T01:42:08.000Z,55.023833,25.0433,25,31400
2019-10-02T01:42:19.000Z,55.0233,25.0438,25,31400
2019-10-02T01:42:28.000Z,55.02286700000001,25.0442,25,31500
2019-10-02T01:42:38.000Z,55.022367,25.0447,25,31500
2019-10-02T01:42:49.000Z,55.021783,25.0452,25,31500
2019-10-02T01:42:58.000Z,55.02138299999999,25.045567,25,31500
2019-10-02T01:43:08.000Z,55.020833,25.046083,25,31500
2019-10-02T01:43:19.000Z,55.0203,25.046583,25,31500
2019-10-02T01:43:28.000Z,55.01985,25.047,25,31500
2019-10-02T01:43:38.000Z,55.0194,25.047417000000006,25,31500
2019-10-02T01:43:48.000Z,55.01885,25.047933,25,31500
2019-10-02T01:43:58.000Z,55.0184,25.04835,25,31500
2019-10-02T01:44:10.000Z,55.0178,25.04895,25,31500
2019-10-02T01:44:19.000Z,55.01736700000001,25.049333,25,31600
2019-10-02T01:44:24.000Z,55.017117000000006,25.049567,25,31600
2019-10-02T01:44:28.000Z,55.016833,25.04985,25,31600
2019-10-02T01:44:37.000Z,55.016383,25.050283,25,31600
2019-10-02T01:44:43.000Z,55.016133,25.050517000000006,25,31600
2019-10-02T01:44:48.000Z,55.01595,25.050717,25,31600
2019-10-02T01:44:55.000Z,55.01555,25.0511,25,31600
2019-10-02T01:44:59.000Z,55.0153,25.051333,25,31600
2019-10-02T01:45:07.000Z,55.01501700000001,25.051617,25,31700
2019-10-02T01:45:10.000Z,55.014817,25.051817,25,31700
2019-10-02T01:45:12.000Z,55.014683,25.051967,25,31700
2019-10-02T01:45:19.000Z,55.014383,25.05225,25,31700
2019-10-02T01:45:25.000Z,55.01415,25.052483,25,31700
2019-10-02T01:45:30.000Z,55.01385,25.052767000000006,25,31600
2019-10-02T01:45:37.000Z,55.0136,25.053,25,31600
2019-10-02T01:45:43.000Z,55.013283,25.053283,25,31500
2019-10-02T01:45:49.000Z,55.01281700000001,25.053683,25,31300
2019-10-02T01:45:55.000Z,55.012533,25.0539,25,31200
2019-10-02T01:46:01.000Z,55.012233,25.054167,25,31200
2019-10-02T01:46:06.000Z,55.01201700000001,25.05435,25,31200
2019-10-02T01:46:13.000Z,55.01165,25.05465,25,31200
2019-10-02T01:46:19.000Z,55.011233,25.055017000000007,25,31300
2019-10-02T01:46:24.000Z,55.010967,25.055233,25,31300
2019-10-02T01:46:30.000Z,55.01066700000001,25.055517,25,31300
2019-10-02T01:46:37.000Z,55.0103,25.055833,25,31300
2019-10-02T01:46:43.000Z,55.01003299999999,25.05605,25,31300
2019-10-02T01:46:49.000Z,55.009717,25.056317,26,31300
2019-10-02T01:46:55.000Z,55.0094,25.056633,26,31200
2019-10-02T01:47:01.000Z,55.009133,25.056817,26,31200
2019-10-02T01:47:06.000Z,55.00881700000001,25.057083,26,31200
2019-10-02T01:47:13.000Z,55.00855,25.0573,26,31200
2019-10-02T01:47:19.000Z,55.008217,25.057567,26,31200
2019-10-02T01:47:25.000Z,55.00785,25.057883,26,31200
2019-10-02T01:47:31.000Z,55.007583,25.0581,26,31200
2019-10-02T01:47:37.000Z,55.00726700000001,25.058383,26,31200
2019-10-02T01:47:43.000Z,55.006933,25.058683,26,31200
2019-10-02T01:47:49.000Z,55.0065,25.059,26,31200
2019-10-02T01:47:55.000Z,55.00618299999999,25.059267,26,31200
2019-10-02T01:48:01.000Z,55.005867,25.05955,26,31200
2019-10-02T01:48:06.000Z,55.00565,25.059767,26,31200
2019-10-02T01:48:13.000Z,55.00516700000001,25.060133,26,31200
2019-10-02T01:48:19.000Z,55.0049,25.060367000000006,26,31200
2019-10-02T01:48:25.000Z,55.00468299999999,25.06055,26,31200
2019-10-02T01:48:31.000Z,55.004367,25.060867,26,31200
2019-10-02T01:48:36.000Z,55.003983,25.061133,26,31200
2019-10-02T01:48:43.000Z,55.00361700000001,25.06145,26,31200
2019-10-02T01:48:49.000Z,55.0033,25.061733,26,31200
2019-10-02T01:48:55.000Z,55.002917,25.062033,26,31200
2019-10-02T01:49:00.000Z,55.00275,25.062183,26,31200
2019-10-02T01:49:06.000Z,55.002383,25.062483,26,31200
2019-10-02T01:49:13.000Z,55.0021,25.062717000000006,26,31200
2019-10-02T01:49:19.000Z,55.001733,25.063033,26,31200
2019-10-02T01:49:24.000Z,55.0014,25.0633,26,31200
2019-10-02T01:49:30.000Z,55.00115,25.063533,26,31300
2019-10-02T01:49:36.000Z,55.000717,25.063917,26,31300
2019-10-02T01:49:43.000Z,55.00035,25.064233,26,31300
2019-10-02T01:49:49.000Z,55.0001,25.064467,26,31400
2019-10-02T01:49:55.000Z,54.999783,25.06475,26,31400
2019-10-02T01:50:01.000Z,54.999467,25.065067000000006,26,31400
2019-10-02T01:50:06.000Z,54.9992,25.065267,26,31400
2019-10-02T01:50:12.000Z,54.998833,25.065583,26,31400
2019-10-02T01:50:19.000Z,54.99851700000001,25.065867,26,31400
2019-10-02T01:50:24.000Z,54.99825,25.0661,26,31400
2019-10-02T01:50:30.000Z,54.997933,25.066383,26,31300
2019-10-02T01:50:37.000Z,54.99766700000001,25.066617,26,31300
2019-10-02T01:50:43.000Z,54.99725,25.066983,26,31300
2019-10-02T01:50:49.000Z,54.996883,25.0673,26,31300
2019-10-02T01:50:55.000Z,54.99661700000001,25.067533,26,31300
2019-10-02T01:51:02.000Z,54.9963,25.067817,26,31300
2019-10-02T01:51:06.000Z,54.996083,25.068,26,31300
2019-10-02T01:51:13.000Z,54.995717000000006,25.068317,26,31300
2019-10-02T01:51:19.000Z,54.99535,25.068633,26,31300
2019-10-02T01:51:25.000Z,54.99503299999999,25.0689,26,31300
2019-10-02T01:51:31.000Z,54.994683,25.069217,25,31300
2019-10-02T01:51:36.000Z,54.994367,25.069483,25,31300
2019-10-02T01:51:43.000Z,54.994117,25.069717,25,31300
2019-10-02T01:51:49.000Z,54.99381700000001,25.069983,25,31300
2019-10-02T01:51:55.000Z,54.99345,25.0703,25,31300
2019-10-02T01:52:01.000Z,54.9932,25.070517,25,31400
2019-10-02T01:52:06.000Z,54.99295,25.070733,25,31400
2019-10-02T01:52:13.000Z,54.9927,25.070967,25,31400
2019-10-02T01:52:18.000Z,54.99235,25.071267,25,31400
2019-10-02T01:52:26.000Z,54.99195,25.071617,25,31400
2019-10-02T01:52:31.000Z,54.9917,25.071833,25,31400
2019-10-02T01:52:37.000Z,54.991517,25.072017,25,31400
2019-10-02T01:52:43.000Z,54.991067,25.072417,24,31400
2019-10-02T01:52:49.000Z,54.99081700000001,25.072633,24,31400
2019-10-02T01:52:55.000Z,54.990533,25.072883,24,31400
2019-10-02T01:53:02.000Z,54.990233,25.073183,24,31400
2019-10-02T01:53:06.000Z,54.989983,25.073367,24,31400
2019-10-02T01:53:13.000Z,54.9896,25.0737,24,31300
2019-10-02T01:53:18.000Z,54.98945,25.073833,24,31300
2019-10-02T01:53:26.000Z,54.989,25.074217,24,31300
2019-10-02T01:53:31.000Z,54.988717,25.074467,24,31300
2019-10-02T01:53:36.000Z,54.98846700000001,25.074667,24,31300
2019-10-02T01:53:44.000Z,54.98818299999999,25.074933,24,31300
2019-10-02T01:53:49.000Z,54.987833,25.075217,24,31300
2019-10-02T01:54:01.000Z,54.987317,25.075683,24,31300
2019-10-02T01:54:06.000Z,54.98711700000001,25.07585,24,31300
2019-10-02T01:54:12.000Z,54.986783,25.07615,24,31300
2019-10-02T01:54:18.000Z,54.98648299999999,25.076383,23,31300
2019-10-02T01:54:25.000Z,54.98615,25.076683,23,31300
2019-10-02T01:54:31.000Z,54.985817,25.076967,23,31300
2019-10-02T01:54:37.000Z,54.985533,25.077217,23,31300
2019-10-02T01:54:44.000Z,54.9853,25.077433,23,31300
2019-10-02T01:54:49.000Z,54.985017000000006,25.077683,23,31300
2019-10-02T01:54:58.000Z,54.98458299999999,25.07805,23,31300
2019-10-02T01:55:01.000Z,54.98445,25.078167,23,31300
2019-10-02T01:55:06.000Z,54.984217,25.078383,23,31300
2019-10-02T01:55:09.000Z,54.984067,25.0785,23,31300
2019-10-02T01:55:18.000Z,54.9837,25.078833,23,31400
2019-10-02T01:55:24.000Z,54.983383,25.079117,23,31400
2019-10-02T01:55:29.000Z,54.98315,25.079317,23,31400
2019-10-02T01:55:37.000Z,54.982883,25.07955,22,31400
2019-10-02T01:55:39.000Z,54.982717,25.079717,22,31400
2019-10-02T01:55:43.000Z,54.982483,25.079917,22,31400
2019-10-02T01:55:49.000Z,54.98235,25.080033,22,31400
2019-10-02T01:55:58.000Z,54.981917,25.080433,22,31400
2019-10-02T01:56:09.000Z,54.981317,25.080917000000003,22,31400
2019-10-02T01:56:19.000Z,54.981,25.081183,22,31400
2019-10-02T01:56:29.000Z,54.980433,25.081667000000003,21,31400
2019-10-02T01:56:39.000Z,54.98005,25.082,21,31400
2019-10-02T01:56:49.000Z,54.979583,25.082417,21,31400
2019-10-02T01:56:58.000Z,54.979283,25.082683,21,31400
2019-10-02T01:57:09.000Z,54.978733,25.08315,21,31400
2019-10-02T01:57:19.000Z,54.978333,25.083517,20,31400
2019-10-02T01:57:29.000Z,54.97795,25.08385,20,31400
2019-10-02T01:57:39.000Z,54.9775,25.08425,20,31400
2019-10-02T01:57:49.000Z,54.977217,25.0845,20,31400
2019-10-02T01:57:58.000Z,54.976783,25.084883,20,31400
2019-10-02T01:58:09.000Z,54.976333,25.085283,20,31400
2019-10-02T01:58:19.000Z,54.9759,25.085667,20,31400
2019-10-02T01:58:29.000Z,54.975533,25.085983,20,31400
2019-10-02T01:58:39.000Z,54.97515,25.086333,19,31400
2019-10-02T01:58:49.000Z,54.97475,25.086683,19,31400
2019-10-02T01:58:58.000Z,54.974433,25.08695,19,31400
2019-10-02T01:59:09.000Z,54.973933,25.0874,19,31400
2019-10-02T01:59:19.000Z,54.973667000000006,25.08765,19,31400
2019-10-02T01:59:29.000Z,54.973167,25.088083,19,31400
2019-10-02T01:59:39.000Z,54.972833,25.0884,19,31400
2019-10-02T01:59:49.000Z,54.9724,25.088767,19,31400
2019-10-02T01:59:58.000Z,54.97213299999999,25.089,19,31400
2019-10-02T02:00:09.000Z,54.97165,25.089433,19,31400
2019-10-02T02:00:19.000Z,54.971317000000006,25.089733,18,31400
2019-10-02T02:00:29.000Z,54.970933,25.090067,18,31400
2019-10-02T02:00:38.000Z,54.9706,25.090367,18,31400
2019-10-02T02:00:49.000Z,54.97026700000001,25.090667,18,31400
2019-10-02T02:00:58.000Z,54.9699,25.090983,18,31400
2019-10-02T02:01:09.000Z,54.96945,25.091383,18,31400
2019-10-02T02:01:19.000Z,54.969117,25.091667,18,31400
2019-10-02T02:01:28.000Z,54.968783,25.091967,18,31400
2019-10-02T02:01:38.000Z,54.968383,25.092317,18,31400
2019-10-02T02:01:49.000Z,54.967983,25.092667,18,31400
2019-10-02T02:01:58.000Z,54.9677,25.092933,18,31400
2019-10-02T02:02:09.000Z,54.96721700000001,25.09335,18,31300
2019-10-02T02:02:20.000Z,54.9669,25.093633,18,31300
2019-10-02T02:02:28.000Z,54.96656700000001,25.093917,18,31300
2019-10-02T02:02:38.000Z,54.966233,25.0942,18,31300
2019-10-02T02:02:48.000Z,54.96585,25.09455,17,31400
2019-10-02T02:02:58.000Z,54.96545,25.0949,17,31400
2019-10-02T02:03:10.000Z,54.96505,25.09525,18,31400
2019-10-02T02:03:20.000Z,54.964733,25.095533,18,31400
2019-10-02T02:03:28.000Z,54.96443299999999,25.0958,18,31400
2019-10-02T02:03:38.000Z,54.96403299999999,25.09615,18,31400
2019-10-02T02:03:49.000Z,54.9637,25.09645,18,31400
2019-10-02T02:03:58.000Z,54.963317,25.096783,18,31300
2019-10-02T02:04:09.000Z,54.96285,25.097183,19,31300
2019-10-02T02:04:20.000Z,54.962433,25.09755,19,31300
2019-10-02T02:04:38.000Z,54.96171700000001,25.09815,19,31300
2019-10-02T02:04:48.000Z,54.961283,25.098533,19,31300
2019-10-02T02:04:58.000Z,54.96085,25.098917,19,31300
2019-10-02T02:05:09.000Z,54.960483,25.099233,19,31300
2019-10-02T02:05:20.000Z,54.960083,25.099617,20,31300
2019-10-02T02:05:28.000Z,54.95971700000001,25.0999,20,31300
2019-10-02T02:05:38.000Z,54.95935,25.100217,20,31300
2019-10-02T02:05:49.000Z,54.958933,25.100567,20,31300
2019-10-02T02:05:58.000Z,54.95851700000001,25.100917000000006,20,31300
2019-10-02T02:06:10.000Z,54.957983,25.101383,20,31300
2019-10-02T02:06:20.000Z,54.957617000000006,25.101717,20,31300
2019-10-02T02:06:28.000Z,54.957283,25.102033,20,31300
2019-10-02T02:06:40.000Z,54.956783,25.102433,20,31300
2019-10-02T02:06:49.000Z,54.95635,25.102833,20,31300
2019-10-02T02:06:59.000Z,54.955933,25.103167000000006,20,31300
2019-10-02T02:07:09.000Z,54.95551700000001,25.103533,20,31300
2019-10-02T02:07:20.000Z,54.95505,25.103933,21,31300
2019-10-02T02:07:28.000Z,54.95475,25.1042,21,31300
2019-10-02T02:07:40.000Z,54.9542,25.104683,21,31300
2019-10-02T02:07:48.000Z,54.953917,25.104933,21,31400
2019-10-02T02:07:59.000Z,54.9534,25.105383,21,31400
2019-10-02T02:08:09.000Z,54.953017,25.105717,21,31400
2019-10-02T02:08:20.000Z,54.95251700000001,25.106167000000006,21,31300
2019-10-02T02:08:29.000Z,54.952117,25.1065,21,31300
2019-10-02T02:08:40.000Z,54.9517,25.106883,21,31400
2019-10-02T02:08:50.000Z,54.951267,25.10725,21,31400
2019-10-02T02:09:00.000Z,54.950833,25.107633,21,31400
2019-10-02T02:09:09.000Z,54.95036700000001,25.10805,21,31400
2019-10-02T02:09:18.000Z,54.950067,25.108317,21,31400
2019-10-02T02:09:29.000Z,54.9496,25.108733,21,31400
2019-10-02T02:09:40.000Z,54.949117,25.10915,21,31400
2019-10-02T02:09:49.000Z,54.94865,25.109567,21,31400
2019-10-02T02:10:09.000Z,54.947833,25.110333,21,31400
2019-10-02T02:10:18.000Z,54.947433,25.110633,21,31400
2019-10-02T02:10:29.000Z,54.946967,25.11105,21,31400
2019-10-02T02:10:40.000Z,54.946533,25.111433,21,31400
2019-10-02T02:10:49.000Z,54.9461,25.111817,21,31300
2019-10-02T02:11:00.000Z,54.94565,25.112183,21,31300
2019-10-02T02:11:09.000Z,54.94521700000001,25.112567,21,31300
2019-10-02T02:11:18.000Z,54.944833,25.112917000000003,21,31400
2019-10-02T02:11:29.000Z,54.944433,25.11325,21,31400
2019-10-02T02:11:40.000Z,54.943867,25.113767000000006,21,31400
2019-10-02T02:11:49.000Z,54.94348299999999,25.1141,21,31400
2019-10-02T02:12:00.000Z,54.94305,25.1145,21,31400
2019-10-02T02:12:09.000Z,54.942567,25.114917,21,31400
2019-10-02T02:12:18.000Z,54.942267,25.115183,21,31400
2019-10-02T02:12:29.000Z,54.9417,25.115683,21,31400
2019-10-02T02:12:49.000Z,54.940833,25.116467,21,31400
2019-10-02T02:12:59.000Z,54.94045,25.116817,21,31400
2019-10-02T02:13:18.000Z,54.93966700000001,25.117517000000007,22,31500
2019-10-02T02:13:29.000Z,54.939117,25.118033,22,31500
2019-10-02T02:13:38.000Z,54.938833,25.118317,21,31600
2019-10-02T02:13:49.000Z,54.93833299999999,25.11885,21,31700
2019-10-02T02:14:09.000Z,54.93748299999999,25.119617,22,31600
2019-10-02T02:14:19.000Z,54.9371,25.119967000000006,22,31600
2019-10-02T02:14:29.000Z,54.936717,25.120333,22,31600
2019-10-02T02:14:38.000Z,54.936267,25.120783,22,31600
2019-10-02T02:14:49.000Z,54.93581700000001,25.121233,22,31700
2019-10-02T02:14:59.000Z,54.93536700000001,25.121683,22,31700
2019-10-02T02:15:10.000Z,54.93495,25.1221,22,31700
2019-10-02T02:15:19.000Z,54.934567,25.122483,22,31800
2019-10-02T02:15:29.000Z,54.93411700000001,25.12295,22,31900
2019-10-02T02:15:38.000Z,54.93385,25.123267,22,32000
2019-10-02T02:15:49.000Z,54.9334,25.123883,22,32500
2019-10-02T02:15:55.000Z,54.933233,25.124133,22,32700
2019-10-02T02:16:02.000Z,54.933067,25.124433,22,32900
2019-10-02T02:16:10.000Z,54.932833,25.12485,22,33200
2019-10-02T02:16:18.000Z,54.93261700000001,25.125317000000006,22,33400
2019-10-02T02:16:29.000Z,54.932367000000006,25.125917,22,33800
2019-10-02T02:16:38.000Z,54.932183,25.1264,22,34000
2019-10-02T02:16:49.000Z,54.931983,25.127017,22,34200
2019-10-02T02:16:59.000Z,54.9318,25.127567000000006,22,34200
2019-10-02T02:17:09.000Z,54.9316,25.128133,23,34300
2019-10-02T02:17:18.000Z,54.931433,25.128633,23,34300
2019-10-02T02:17:29.000Z,54.931233,25.129267,23,34300
2019-10-02T02:17:39.000Z,54.931083,25.129733,23,34300
2019-10-02T02:17:49.000Z,54.93085,25.130417,23,34300
2019-10-02T02:17:59.000Z,54.93066700000001,25.131,24,34300
2019-10-02T02:18:10.000Z,54.93045,25.13165,24,34300
2019-10-02T02:18:19.000Z,54.930317,25.132067000000006,24,34300
2019-10-02T02:18:29.000Z,54.93005,25.132833,24,34300
2019-10-02T02:18:39.000Z,54.929883,25.133383,24,34300
2019-10-02T02:18:50.000Z,54.929667,25.134033,24,34300
2019-10-02T02:18:59.000Z,54.929483,25.134583,24,34300
2019-10-02T02:19:09.000Z,54.929283,25.135233,24,34300
2019-10-02T02:19:18.000Z,54.92911700000001,25.135717,24,34300
2019-10-02T02:19:29.000Z,54.9289,25.136383,25,34300
2019-10-02T02:19:39.000Z,54.928717000000006,25.136933,25,34300
2019-10-02T02:19:49.000Z,54.9285,25.1376,25,34300
2019-10-02T02:19:59.000Z,54.92831700000001,25.13815,25,34300
2019-10-02T02:20:09.000Z,54.928083,25.138833,25,34300
2019-10-02T02:20:29.000Z,54.927683,25.140067,25,34300
2019-10-02T02:20:39.000Z,54.92746700000001,25.14075,25,34300
2019-10-02T02:20:49.000Z,54.92726700000001,25.141317,25,34300
2019-10-02T02:20:58.000Z,54.9271,25.141817,25,34300
2019-10-02T02:21:09.000Z,54.926833,25.142617,25,34300
2019-10-02T02:21:16.000Z,54.926733,25.142933,25,34300
2019-10-02T02:21:27.000Z,54.926467,25.14375,25,34300
2019-10-02T02:21:33.000Z,54.926367000000006,25.144067,26,34300
2019-10-02T02:21:39.000Z,54.92625,25.14445,26,34300
2019-10-02T02:21:46.000Z,54.92613299999999,25.144833,26,34400
2019-10-02T02:21:49.000Z,54.926033,25.14515,26,34400
2019-10-02T02:21:57.000Z,54.9259,25.1456,26,34400
2019-10-02T02:22:09.000Z,54.925667,25.14635,26,34400
2019-10-02T02:22:15.000Z,54.925517000000006,25.146783,26,34300
2019-10-02T02:22:27.000Z,54.92525,25.147467,26,34100
2019-10-02T02:22:33.000Z,54.9251,25.1479,26,34000
2019-10-02T02:22:39.000Z,54.924917,25.148267,26,34000
2019-10-02T02:22:46.000Z,54.9248,25.148583,26,33900
2019-10-02T02:22:51.000Z,54.92465,25.14895,26,33900
2019-10-02T02:22:57.000Z,54.92455,25.1492,26,33900
2019-10-02T02:23:03.000Z,54.924317,25.14975,26,33900
2019-10-02T02:23:09.000Z,54.924167,25.150117,26,33900
2019-10-02T02:23:16.000Z,54.924033,25.150433,26,33900
2019-10-02T02:23:21.000Z,54.92385,25.150867,26,33900
2019-10-02T02:23:27.000Z,54.9237,25.151233,26,33900
2019-10-02T02:23:33.000Z,54.92356700000001,25.151533,26,33900
2019-10-02T02:23:39.000Z,54.92341700000001,25.1519,26,33900
2019-10-02T02:23:46.000Z,54.923233,25.152333,26,33900
2019-10-02T02:23:51.000Z,54.9231,25.152633,26,33900
2019-10-02T02:23:57.000Z,54.92295,25.153,26,33900
2019-10-02T02:24:03.000Z,54.922783,25.153383,26,33800
2019-10-02T02:24:09.000Z,54.9226,25.1538,26,33800
2019-10-02T02:24:15.000Z,54.92245,25.154183,26,33800
2019-10-02T02:24:27.000Z,54.922167,25.15485,26,33800
2019-10-02T02:24:33.000Z,54.921983,25.155283,26,33800
2019-10-02T02:24:39.000Z,54.92185,25.1556,26,33900
2019-10-02T02:24:46.000Z,54.921683,25.155967,26,33800
2019-10-02T02:24:51.000Z,54.921533,25.1564,26,33800
2019-10-02T02:24:57.000Z,54.921367,25.1567,26,33800
2019-10-02T02:25:03.000Z,54.92126700000001,25.15695,26,33800
2019-10-02T02:25:09.000Z,54.921067,25.15745,26,33900
2019-10-02T02:25:16.000Z,54.920883,25.157883,26,33900
2019-10-02T02:25:27.000Z,54.92058299999999,25.15855,26,33800
2019-10-02T02:25:39.000Z,54.920217,25.15935,26,33700
2019-10-02T02:25:46.000Z,54.920083,25.15965,26,33700
2019-10-02T02:26:03.000Z,54.91955,25.160817,26,33700
2019-10-02T02:26:09.000Z,54.919383,25.161183,26,33700
2019-10-02T02:26:15.000Z,54.919233,25.1615,26,33700
2019-10-02T02:26:27.000Z,54.91886700000001,25.1623,26,33700
2019-10-02T02:26:33.000Z,54.918733,25.1626,26,33700
2019-10-02T02:26:39.000Z,54.918567,25.162967,26,33700
2019-10-02T02:26:46.000Z,54.918367,25.1634,26,33700
2019-10-02T02:26:57.000Z,54.91805,25.164083,26,33700
2019-10-02T02:27:03.000Z,54.917883,25.16445,26,33700
2019-10-02T02:27:09.000Z,54.917683,25.164883,26,33700
2019-10-02T02:27:22.000Z,54.91736700000001,25.165567000000006,26,33700
2019-10-02T02:27:27.000Z,54.917183,25.165933,26,33700
2019-10-02T02:27:33.000Z,54.916983,25.166367,26,33600
2019-10-02T02:27:46.000Z,54.916667,25.167033,26,33600
2019-10-02T02:27:52.000Z,54.9165,25.167417,26,33700
2019-10-02T02:27:57.000Z,54.91635,25.167717,26,33700
2019-10-02T02:28:03.000Z,54.91611700000001,25.168217,26,33700
2019-10-02T02:28:09.000Z,54.916033,25.1684,26,33700
2019-10-02T02:28:27.000Z,54.91545,25.169633,26,33700
2019-10-02T02:28:33.000Z,54.915283,25.170017,26,33700
2019-10-02T02:28:39.000Z,54.9151,25.170383,26,33600
2019-10-02T02:28:46.000Z,54.9149,25.170817,26,33600
2019-10-02T02:28:52.000Z,54.91475,25.171133,26,33600
2019-10-02T02:28:58.000Z,54.91458299999999,25.1715,26,33600
2019-10-02T02:29:03.000Z,54.9144,25.171867,26,33600
2019-10-02T02:29:15.000Z,54.914033,25.172683,26,33700
2019-10-02T02:29:22.000Z,54.913883,25.172983,26,33700
2019-10-02T02:29:27.000Z,54.9137,25.173367,26,33600
2019-10-02T02:29:33.000Z,54.9135,25.1738,26,33600
2019-10-02T02:29:39.000Z,54.91335,25.1741,26,33600
2019-10-02T02:29:52.000Z,54.912983,25.1749,26,33600
2019-10-02T02:29:58.000Z,54.9128,25.175217,26,33600
2019-10-02T02:30:09.000Z,54.912517,25.17585,26,33600
2019-10-02T02:30:16.000Z,54.9123,25.176417,27,33700
2019-10-02T02:30:27.000Z,54.912,25.177117000000006,27,33900
2019-10-02T02:30:33.000Z,54.911867,25.1775,27,34100
2019-10-02T02:30:39.000Z,54.911717,25.177967,26,34300
2019-10-02T02:30:46.000Z,54.911633,25.178283,26,34400
2019-10-02T02:30:53.000Z,54.911517,25.178817,26,34700
2019-10-02T02:30:59.000Z,54.91145,25.179217,26,34900
2019-10-02T02:31:01.000Z,54.911433,25.1794,26,35000
2019-10-02T02:31:05.000Z,54.9114,25.179667,26,35100
2019-10-02T02:31:09.000Z,54.911383,25.179933,26,35300
2019-10-02T02:31:13.000Z,54.91136700000001,25.180133,26,35400
2019-10-02T02:31:17.000Z,54.91136700000001,25.180383,26,35500
2019-10-02T02:31:22.000Z,54.91136700000001,25.18065,25,35800
2019-10-02T02:31:26.000Z,54.911383,25.1809,25,35900
2019-10-02T02:31:29.000Z,54.91141700000001,25.181217,25,100
2019-10-02T02:31:33.000Z,54.91145,25.181467,25,300
2019-10-02T02:31:37.000Z,54.9115,25.181717000000006,25,500
2019-10-02T02:31:42.000Z,54.911533,25.1819,25,600
2019-10-02T02:31:46.000Z,54.91158299999999,25.18215,25,800
2019-10-02T02:31:52.000Z,54.911683,25.182517,24,1000
2019-10-02T02:32:03.000Z,54.911883,25.1833,24,1200
2019-10-02T02:32:09.000Z,54.91195,25.18355,24,1200
2019-10-02T02:32:16.000Z,54.912083,25.184033,24,1300
2019-10-02T02:32:28.000Z,54.91226700000001,25.1847,25,1400
2019-10-02T02:32:33.000Z,54.91235,25.185,25,1400
2019-10-02T02:32:39.000Z,54.91246700000001,25.185367000000006,25,1400
2019-10-02T02:32:46.000Z,54.9126,25.185933,25,1400
2019-10-02T02:32:52.000Z,54.912667000000006,25.186167,25,1400
2019-10-02T02:32:58.000Z,54.912767,25.186483,25,1400
2019-10-02T02:33:03.000Z,54.91286700000001,25.18685,25,1400
2019-10-02T02:33:16.000Z,54.91308299999999,25.18765,25,1400
2019-10-02T02:33:27.000Z,54.91328299999999,25.188333,25,1400
2019-10-02T02:33:34.000Z,54.91345,25.188883,25,1400
2019-10-02T02:33:39.000Z,54.91351700000001,25.189133,25,1400
2019-10-02T02:33:51.000Z,54.91375,25.18995,25,1400
2019-10-02T02:33:57.000Z,54.91385,25.190383,25,1400
2019-10-02T02:34:03.000Z,54.91393299999999,25.190633,25,1400
2019-10-02T02:34:09.000Z,54.91405,25.191,25,1400
2019-10-02T02:34:15.000Z,54.91413299999999,25.191317,25,1400
2019-10-02T02:34:22.000Z,54.914233,25.1917,25,1400
2019-10-02T02:34:27.000Z,54.91435,25.192133,25,1400
2019-10-02T02:34:39.000Z,54.91455,25.192833,25,1400
2019-10-02T02:34:44.000Z,54.91465,25.1932,25,1400
2019-10-02T02:34:52.000Z,54.91476700000001,25.19365,25,1400
2019-10-02T02:34:58.000Z,54.914883,25.194083,25,1400
2019-10-02T02:35:05.000Z,54.91498299999999,25.194467000000003,25,1400
2019-10-02T02:35:10.000Z,54.91505,25.194717,25,1400
2019-10-02T02:35:14.000Z,54.91515,25.195033,25,1400
2019-10-02T02:35:21.000Z,54.915317,25.19565,25,1400
2019-10-02T02:35:28.000Z,54.9154,25.195967,25,1400
2019-10-02T02:35:34.000Z,54.915517,25.196417,25,1400
2019-10-02T02:35:42.000Z,54.915667000000006,25.196917000000006,25,1400
2019-10-02T02:35:47.000Z,54.915717,25.197117,25,1400
2019-10-02T02:35:55.000Z,54.915833,25.197483,25,1400
2019-10-02T02:36:04.000Z,54.91605,25.198317000000007,25,1400
2019-10-02T02:36:12.000Z,54.916183,25.19875,25,1400
2019-10-02T02:36:17.000Z,54.91625,25.199017,25,1400
2019-10-02T02:36:24.000Z,54.916367,25.19945,25,1400
2019-10-02T02:36:29.000Z,54.91648299999999,25.199833,25,1400
2019-10-02T02:36:36.000Z,54.9166,25.200283,26,1400
2019-10-02T02:36:42.000Z,54.916683,25.200533,26,1400
2019-10-02T02:36:47.000Z,54.916833,25.2011,26,1400
2019-10-02T02:37:00.000Z,54.917033,25.2018,26,1400
2019-10-02T02:37:05.000Z,54.91713299999999,25.20225,26,1400
2019-10-02T02:37:12.000Z,54.917267,25.202633,26,1400
2019-10-02T02:37:23.000Z,54.917433,25.2032,26,1400
2019-10-02T02:37:30.000Z,54.91755,25.203583,26,1400
2019-10-02T02:37:36.000Z,54.9177,25.20415,26,1400
2019-10-02T02:37:42.000Z,54.9178,25.204467,26,1400
2019-10-02T02:37:53.000Z,54.91798299999999,25.205117,26,1400
2019-10-02T02:38:00.000Z,54.9181,25.20555,26,1400
2019-10-02T02:38:05.000Z,54.91821700000001,25.205933,26,1400
2019-10-02T02:38:12.000Z,54.9183,25.20625,26,1400
2019-10-02T02:38:17.000Z,54.91841700000001,25.206633,26,1400
2019-10-02T02:38:23.000Z,54.91855,25.207083,26,1400
2019-10-02T02:38:30.000Z,54.918667000000006,25.207517000000006,26,1400
2019-10-02T02:38:36.000Z,54.918783,25.2079,26,1500
2019-10-02T02:38:42.000Z,54.9189,25.20835,26,1500
2019-10-02T02:38:47.000Z,54.919017,25.208667,26,1500
2019-10-02T02:39:00.000Z,54.919233,25.209417,26,1500
2019-10-02T02:39:05.000Z,54.91931700000001,25.209683,26,1500
2019-10-02T02:39:12.000Z,54.91948299999999,25.21025,26,1500
2019-10-02T02:39:29.000Z,54.91976700000001,25.2112,26,1500
2019-10-02T02:39:36.000Z,54.91995,25.211767,26,1500
2019-10-02T02:39:42.000Z,54.92,25.21195,26,1500
2019-10-02T02:39:53.000Z,54.92025,25.212767000000003,26,1500
2019-10-02T02:40:05.000Z,54.920483,25.213533,26,1500
2019-10-02T02:40:12.000Z,54.92058299999999,25.21385,26,1500
2019-10-02T02:40:17.000Z,54.92076700000001,25.214417,26,1500
2019-10-02T02:40:30.000Z,54.92098299999999,25.2151,26,1500
2019-10-02T02:40:42.000Z,54.921233,25.215933,26,1500
2019-10-02T02:40:47.000Z,54.921283,25.216117,26,1500
2019-10-02T02:40:53.000Z,54.9214,25.2165,26,1500
2019-10-02T02:41:00.000Z,54.92155,25.217,26,1500
2019-10-02T02:41:05.000Z,54.92165,25.217317,26,1500
2019-10-02T02:41:12.000Z,54.9218,25.217833,26,1500
2019-10-02T02:41:17.000Z,54.921867000000006,25.218017,26,1500
2019-10-02T02:41:23.000Z,54.921983,25.2184,26,1500
2019-10-02T02:41:29.000Z,54.92211700000001,25.218833,26,1500
2019-10-02T02:41:36.000Z,54.92225,25.219283,26,1500
2019-10-02T02:41:42.000Z,54.92231700000001,25.219533,26,1500
2019-10-02T02:41:53.000Z,54.9226,25.220417,26,1500
2019-10-02T02:42:00.000Z,54.92271700000001,25.2208,26,1500
2019-10-02T02:42:05.000Z,54.922783,25.22105,26,1500
2019-10-02T02:42:12.000Z,54.92293299999999,25.221567,26,1500
2019-10-02T02:42:18.000Z,54.923083,25.222017,26,1500
2019-10-02T02:42:24.000Z,54.9232,25.222383,26,1500
2019-10-02T02:42:29.000Z,54.92325,25.222583,26,1500
2019-10-02T02:42:36.000Z,54.9234,25.22315,26,1500
2019-10-02T02:42:48.000Z,54.923633,25.22385,26,1500
2019-10-02T02:42:53.000Z,54.923717,25.2241,26,1500
2019-10-02T02:43:00.000Z,54.923883,25.224667,26,1500
2019-10-02T02:43:05.000Z,54.92396700000001,25.224917,26,1500
2019-10-02T02:43:12.000Z,54.924117,25.225433,26,1500
2019-10-02T02:43:24.000Z,54.9243,25.226,26,1500
2019-10-02T02:43:36.000Z,54.924567,25.226883,26,1500
2019-10-02T02:43:41.000Z,54.92465,25.227133,26,1500
2019-10-02T02:44:00.000Z,54.925033,25.2284,26,1500
2019-10-02T02:44:05.000Z,54.92511700000001,25.22865,25,1500
2019-10-02T02:44:18.000Z,54.9254,25.2296,25,1500
2019-10-02T02:44:24.000Z,54.9255,25.229917,25,1500
2019-10-02T02:44:29.000Z,54.925583,25.230167,25,1500
2019-10-02T02:44:36.000Z,54.92575,25.230733,25,1500
2019-10-02T02:44:48.000Z,54.92593299999999,25.2313,25,1500
2019-10-02T02:44:53.000Z,54.92605,25.231667,25,1500
2019-10-02T02:45:00.000Z,54.926183,25.232117,25,1500
2019-10-02T02:45:05.000Z,54.9263,25.232483,25,1500
2019-10-02T02:45:12.000Z,54.926417,25.232867,25,1500
2019-10-02T02:45:18.000Z,54.926517,25.233183,25,1500
2019-10-02T02:45:24.000Z,54.92665,25.233633,25,1500
2019-10-02T02:45:29.000Z,54.9268,25.234133,26,1500
2019-10-02T02:45:41.000Z,54.92696700000001,25.2347,26,1500
2019-10-02T02:45:48.000Z,54.92715,25.235267,26,1500
2019-10-02T02:45:53.000Z,54.9272,25.235467,26,1500
2019-10-02T02:46:00.000Z,54.92735,25.235967,26,1500
2019-10-02T02:46:05.000Z,54.92743299999999,25.236217,26,1500
2019-10-02T02:46:11.000Z,54.927567,25.236667,26,1500
2019-10-02T02:46:18.000Z,54.9277,25.2371,26,1500
2019-10-02T02:46:24.000Z,54.92781700000001,25.237483,26,1500
2019-10-02T02:46:29.000Z,54.9279,25.237733,26,1500
2019-10-02T02:46:36.000Z,54.928083,25.238317,26,1500
2019-10-02T02:46:48.000Z,54.9283,25.239,26,1500
2019-10-02T02:46:54.000Z,54.928417,25.239383,26,1500
2019-10-02T02:47:00.000Z,54.928533,25.239767,26,1500
2019-10-02T02:47:06.000Z,54.928633,25.240083,26,1500
2019-10-02T02:47:11.000Z,54.928733,25.2404,26,1500
2019-10-02T02:47:18.000Z,54.928883,25.2409,26,1500
2019-10-02T02:47:29.000Z,54.9291,25.2416,26,1500
2019-10-02T02:47:36.000Z,54.929233,25.24205,26,1500
2019-10-02T02:47:48.000Z,54.929467,25.242817,26,1500
2019-10-02T02:47:54.000Z,54.92955,25.243067,26,1500
2019-10-02T02:48:00.000Z,54.9297,25.243567,26,1500
2019-10-02T02:48:06.000Z,54.92978299999999,25.243817,26,1500
2019-10-02T02:48:11.000Z,54.929933,25.244333,26,1500
2019-10-02T02:48:24.000Z,54.93015,25.245033,26,1500
2019-10-02T02:48:29.000Z,54.930283,25.245467,26,1500
2019-10-02T02:48:35.000Z,54.9304,25.24585,26,1500
2019-10-02T02:48:41.000Z,54.930483,25.246183,26,1500
2019-10-02T02:48:48.000Z,54.9306,25.246567,26,1500
2019-10-02T02:48:53.000Z,54.930733,25.247,26,1500
2019-10-02T02:49:04.000Z,54.93083299999999,25.247317,26,1500
2019-10-02T02:49:11.000Z,54.93106700000001,25.248083,26,1500
2019-10-02T02:49:17.000Z,54.9312,25.248533,26,1500
2019-10-02T02:49:24.000Z,54.93131700000001,25.248917,26,1500
2019-10-02T02:49:29.000Z,54.931417,25.249233,26,1500
2019-10-02T02:49:35.000Z,54.93151700000001,25.249617,26,1500
2019-10-02T02:49:53.000Z,54.931867,25.250767,26,1500
2019-10-02T02:50:00.000Z,54.932017,25.251267,26,1500
2019-10-02T02:50:06.000Z,54.93211700000001,25.251583,26,1500
2019-10-02T02:50:11.000Z,54.9322,25.251833,26,1500
2019-10-02T02:50:23.000Z,54.9324,25.252533,26,1500
2019-10-02T02:50:30.000Z,54.932583,25.253117,26,1500
2019-10-02T02:50:35.000Z,54.932683,25.253433,26,1500
2019-10-02T02:50:41.000Z,54.9328,25.253817,26,1500
2019-10-02T02:50:48.000Z,54.932933,25.25425,26,1500
2019-10-02T02:50:53.000Z,54.933033,25.254567,26,1500
2019-10-02T02:51:00.000Z,54.93315,25.25495,26,1500
2019-10-02T02:51:06.000Z,54.933267,25.255333,26,1500
2019-10-02T02:51:11.000Z,54.9334,25.255783,26,1500
2019-10-02T02:51:17.000Z,54.933517,25.25615,26,1500
2019-10-02T02:51:23.000Z,54.93361700000001,25.256467,26,1500
2019-10-02T02:51:29.000Z,54.933733,25.256917,26,1500
2019-10-02T02:51:35.000Z,54.933867000000006,25.2573,26,1500
2019-10-02T02:51:41.000Z,54.933967,25.257617,26,1500
2019-10-02T02:51:48.000Z,54.934083,25.258000000000006,26,1500
2019-10-02T02:51:53.000Z,54.934217,25.258433,26,1500
2019-10-02T02:52:00.000Z,54.93431700000001,25.25875,26,1500
2019-10-02T02:52:06.000Z,54.93446700000001,25.2592,26,1500
2019-10-02T02:52:12.000Z,54.934567,25.259517,26,1500
2019-10-02T02:52:17.000Z,54.9347,25.259967,26,1500
2019-10-02T02:52:23.000Z,54.934817,25.260333,26,1500
2019-10-02T02:52:29.000Z,54.93491700000001,25.26065,26,1500
2019-10-02T02:52:35.000Z,54.935033,25.2611,26,1500
2019-10-02T02:52:41.000Z,54.93516700000001,25.261483,26,1500
2019-10-02T02:52:47.000Z,54.935267,25.2618,26,1500
2019-10-02T02:52:54.000Z,54.935383,25.262183,26,1500
2019-10-02T02:53:00.000Z,54.935517,25.262617,26,1500
2019-10-02T02:53:06.000Z,54.935633,25.263,26,1500
2019-10-02T02:53:11.000Z,54.93576700000001,25.263383,26,1500
2019-10-02T02:53:17.000Z,54.93581700000001,25.263567,26,1500
2019-10-02T02:53:23.000Z,54.935933,25.264017000000006,26,1500
2019-10-02T02:53:30.000Z,54.936117,25.264517,26,1500
2019-10-02T02:53:35.000Z,54.93618299999999,25.264717,26,1500
2019-10-02T02:53:41.000Z,54.936333,25.265217,26,1500
2019-10-02T02:53:47.000Z,54.93646700000001,25.265667,26,1500
2019-10-02T02:54:00.000Z,54.936683,25.266367,26,1500
2019-10-02T02:54:06.000Z,54.9368,25.26675,26,1500
2019-10-02T02:54:12.000Z,54.93695,25.267183,26,1500
2019-10-02T02:54:17.000Z,54.937067000000006,25.267567,26,1500
2019-10-02T02:54:23.000Z,54.93715,25.267883,26,1500
2019-10-02T02:54:29.000Z,54.9373,25.268333,26,1500
2019-10-02T02:54:35.000Z,54.937417,25.268717,26,1500
2019-10-02T02:54:41.000Z,54.9375,25.269033,26,1500
2019-10-02T02:54:47.000Z,54.937617,25.269417,26,1500
2019-10-02T02:54:54.000Z,54.93775,25.26985,26,1500
2019-10-02T02:55:00.000Z,54.93785,25.270183,26,1500
2019-10-02T02:55:05.000Z,54.937983,25.270617,26,1500
2019-10-02T02:55:12.000Z,54.938083,25.270933,26,1500
2019-10-02T02:55:17.000Z,54.93816700000001,25.2712,26,1500
2019-10-02T02:55:29.000Z,54.938433,25.272083,26,1500
2019-10-02T02:55:35.000Z,54.93855,25.272467,26,1500
2019-10-02T02:55:41.000Z,54.938667,25.272917,26,1500
2019-10-02T02:55:47.000Z,54.938783,25.273233,26,1500
2019-10-02T02:55:54.000Z,54.9389,25.273617,26,1500
2019-10-02T02:56:00.000Z,54.93901700000001,25.273983,26,1500
2019-10-02T02:56:11.000Z,54.939283,25.274817,26,1500
2019-10-02T02:56:17.000Z,54.939367,25.275133,26,1500
2019-10-02T02:56:23.000Z,54.939483,25.275517,26,1500
2019-10-02T02:56:29.000Z,54.93961700000001,25.275967,26,1500
2019-10-02T02:56:42.000Z,54.93983299999999,25.276667,26,1500
2019-10-02T02:56:47.000Z,54.93995,25.27705,26,1500
2019-10-02T02:57:00.000Z,54.940183,25.277817,26,1500
2019-10-02T02:57:05.000Z,54.9403,25.2782,26,1500
2019-10-02T02:57:12.000Z,54.940433,25.278633,26,1500
2019-10-02T02:57:17.000Z,54.940567,25.279017,26,1500
2019-10-02T02:57:23.000Z,54.94066700000001,25.279367,26,1500
2019-10-02T02:57:29.000Z,54.940783,25.279767,26,1500
2019-10-02T02:57:36.000Z,54.940933,25.280217,26,1500
2019-10-02T02:57:42.000Z,54.941033,25.280533,26,1500
2019-10-02T02:57:47.000Z,54.94115,25.280933,26,1500
2019-10-02T02:57:54.000Z,54.941267,25.281317,26,1500
2019-10-02T02:58:00.000Z,54.9414,25.28175,26,1500
2019-10-02T02:58:05.000Z,54.94151700000001,25.282133,26,1500
2019-10-02T02:58:12.000Z,54.941617,25.28245,26,1500
2019-10-02T02:58:17.000Z,54.941733,25.282833,26,1500
2019-10-02T02:58:24.000Z,54.941867,25.283283,26,1500
2019-10-02T02:58:29.000Z,54.941933,25.283533,26,1500
2019-10-02T02:58:42.000Z,54.9422,25.284367,26,1500
2019-10-02T02:58:47.000Z,54.942333,25.284817,26,1500
2019-10-02T02:59:00.000Z,54.94255,25.285517,26,1500
2019-10-02T02:59:17.000Z,54.9429,25.286667,26,1500
2019-10-02T02:59:29.000Z,54.943117,25.287467000000003,26,1500
2019-10-02T02:59:36.000Z,54.94325,25.28785,26,1500
2019-10-02T02:59:42.000Z,54.94335,25.288167,26,1500
2019-10-02T02:59:47.000Z,54.94346700000001,25.288533,26,1500
2019-10-02T02:59:53.000Z,54.9436,25.288983,26,1500
2019-10-02T03:00:00.000Z,54.94368299999999,25.2893,26,1500
2019-10-02T03:00:05.000Z,54.943833,25.28975,26,1500
2019-10-02T03:00:24.000Z,54.944183,25.2909,26,1500
2019-10-02T03:00:29.000Z,54.944267,25.291217,26,1500
2019-10-02T03:00:36.000Z,54.944383,25.291667,26,1500
2019-10-02T03:00:42.000Z,54.94451700000001,25.29205,26,1500
2019-10-02T03:00:47.000Z,54.944617,25.292367,26,1500
2019-10-02T03:01:00.000Z,54.944867,25.2932,26,1500
2019-10-02T03:01:05.000Z,54.94498299999999,25.293583,26,1500
2019-10-02T03:01:12.000Z,54.9451,25.293967,26,1500
2019-10-02T03:01:24.000Z,54.945333,25.294733,26,1500
2019-10-02T03:01:29.000Z,54.945417000000006,25.294983,26,1500
2019-10-02T03:01:36.000Z,54.94555,25.295433,26,1500
2019-10-02T03:01:42.000Z,54.94566700000001,25.295817,26,1500
2019-10-02T03:01:47.000Z,54.945767,25.296133,26,1500
2019-10-02T03:01:54.000Z,54.9459,25.296583,26,1500
2019-10-02T03:02:00.000Z,54.94601700000001,25.296967,26,1500
2019-10-02T03:02:05.000Z,54.94615,25.297417000000006,26,1500
2019-10-02T03:02:12.000Z,54.94626700000001,25.2978,26,1500
2019-10-02T03:02:24.000Z,54.94646700000001,25.298567,26,1500
2019-10-02T03:02:42.000Z,54.946817,25.29965,26,1500
2019-10-02T03:02:54.000Z,54.94705,25.300417000000003,26,1500
2019-10-02T03:03:00.000Z,54.94716700000001,25.3008,26,1500
2019-10-02T03:03:06.000Z,54.947283,25.301233,26,1500
2019-10-02T03:03:12.000Z,54.947417,25.301617,26,1500
2019-10-02T03:03:24.000Z,54.947633,25.302333,26,1500
2019-10-02T03:03:30.000Z,54.947767000000006,25.302767000000006,26,1500
2019-10-02T03:03:35.000Z,54.947883,25.30315,26,1500
2019-10-02T03:03:41.000Z,54.94796700000001,25.303483,26,1500
2019-10-02T03:04:00.000Z,54.948317,25.304617,26,1500
2019-10-02T03:04:12.000Z,54.948583,25.30545,26,1500
2019-10-02T03:04:24.000Z,54.948783,25.30615,26,1500
2019-10-02T03:04:30.000Z,54.9489,25.306533,26,1500
2019-10-02T03:04:36.000Z,54.94903299999999,25.306983,26,1500
2019-10-02T03:04:41.000Z,54.949133,25.3073,26,1500
2019-10-02T03:05:00.000Z,54.94946700000001,25.30845,26,1500
2019-10-02T03:05:05.000Z,54.9496,25.3089,26,1400
2019-10-02T03:05:12.000Z,54.9497,25.309217,26,1400
2019-10-02T03:05:18.000Z,54.949817,25.309667,26,1400
2019-10-02T03:05:24.000Z,54.949933,25.31005,26,1400
2019-10-02T03:05:30.000Z,54.950017,25.310367000000006,26,1400
2019-10-02T03:05:36.000Z,54.950133,25.31075,26,1400
2019-10-02T03:05:53.000Z,54.950467,25.3119,26,1400
2019-10-02T03:06:00.000Z,54.950583,25.31235,26,1400
2019-10-02T03:06:05.000Z,54.9507,25.312733,26,1400
2019-10-02T03:06:11.000Z,54.9508,25.313117,26,1400
2019-10-02T03:06:17.000Z,54.950883,25.313433,26,1400
2019-10-02T03:06:24.000Z,54.95101700000001,25.313883,26,1400
2019-10-02T03:06:30.000Z,54.951117,25.314267,26,1400
2019-10-02T03:06:36.000Z,54.95121700000001,25.314583,26,1400
2019-10-02T03:06:41.000Z,54.951317,25.314967000000006,26,1400
2019-10-02T03:06:47.000Z,54.95145,25.315417,26,1400
2019-10-02T03:06:53.000Z,54.951533,25.315733,26,1400
2019-10-02T03:07:00.000Z,54.95165,25.316117,26,1400
2019-10-02T03:07:06.000Z,54.951767,25.3165,26,1400
2019-10-02T03:07:11.000Z,54.951883,25.31695,26,1400
2019-10-02T03:07:17.000Z,54.952,25.317333,26,1400
2019-10-02T03:07:30.000Z,54.9522,25.318033,26,1400
2019-10-02T03:07:36.000Z,54.952317,25.318483,26,1400
2019-10-02T03:07:41.000Z,54.952417,25.3188,26,1400
2019-10-02T03:08:12.000Z,54.952967,25.3208,26,1400
2019-10-02T03:08:17.000Z,54.95305,25.321117,26,1400
2019-10-02T03:08:24.000Z,54.953183,25.321567,26,1400
2019-10-02T03:08:30.000Z,54.953283,25.32195,26,1400
2019-10-02T03:08:36.000Z,54.953383,25.322267,26,1400
2019-10-02T03:08:53.000Z,54.9537,25.323417000000006,26,1400
2019-10-02T03:09:06.000Z,54.953917,25.324183,26,1400
2019-10-02T03:09:12.000Z,54.954033,25.324633,26,1400
2019-10-02T03:09:20.000Z,54.95415,25.325017000000006,26,1400
2019-10-02T03:09:24.000Z,54.954233,25.325333,26,1400
2019-10-02T03:09:36.000Z,54.954467,25.326167,26,1400
2019-10-02T03:09:55.000Z,54.954767,25.32725,26,1400
2019-10-02T03:10:06.000Z,54.955,25.328083,26,1400
2019-10-02T03:10:17.000Z,54.95521700000001,25.328867,26,1400
2019-10-02T03:10:24.000Z,54.955317,25.32925,26,1400
2019-10-02T03:10:53.000Z,54.955833,25.3311,26,1400
2019-10-02T03:11:06.000Z,54.95608299999999,25.331933,26,1400
2019-10-02T03:11:17.000Z,54.956283,25.332633,26,1400
2019-10-02T03:11:23.000Z,54.956417,25.333083,26,1400
2019-10-02T03:11:36.000Z,54.956617,25.3338,26,1400
2019-10-02T03:11:41.000Z,54.95671700000001,25.334183,26,1400
2019-10-02T03:11:48.000Z,54.95685,25.334633,26,1400
2019-10-02T03:11:53.000Z,54.95693299999999,25.33495,26,1400
2019-10-02T03:12:05.000Z,54.95715,25.335717,26,1400
2019-10-02T03:12:23.000Z,54.957483,25.336867,26,1400
2019-10-02T03:12:42.000Z,54.9578,25.338017,26,1400
2019-10-02T03:12:48.000Z,54.9579,25.3384,26,1400
2019-10-02T03:12:53.000Z,54.95803299999999,25.33885,26,1400
2019-10-02T03:13:00.000Z,54.958117,25.339167,26,1400
2019-10-02T03:13:05.000Z,54.95823299999999,25.339617,26,1400
2019-10-02T03:13:17.000Z,54.95845,25.3404,26,1400
2019-10-02T03:13:23.000Z,54.958567,25.340783,26,1400
2019-10-02T03:13:30.000Z,54.95865,25.3411,26,1400
2019-10-02T03:13:48.000Z,54.958967,25.34225,26,1400
2019-10-02T03:13:53.000Z,54.95906700000001,25.34265,26,1400
2019-10-02T03:14:00.000Z,54.959183,25.343033,26,1400
2019-10-02T03:14:11.000Z,54.9594,25.343867000000003,26,1400
2019-10-02T03:14:23.000Z,54.9596,25.344567,26,1400
2019-10-02T03:14:30.000Z,54.9597,25.34495,26,1400
2019-10-02T03:14:42.000Z,54.959917,25.345733,26,1400
2019-10-02T03:14:48.000Z,54.96001700000001,25.346117,26,1400
2019-10-02T03:15:00.000Z,54.960233,25.346883,26,1400
2019-10-02T03:15:11.000Z,54.96045,25.34765,26,1400
2019-10-02T03:15:30.000Z,54.960767,25.348817,26,1400
2019-10-02T03:15:42.000Z,54.960967,25.34965,26,1400
2019-10-02T03:15:48.000Z,54.961083,25.349983,26,1400
2019-10-02T03:16:00.000Z,54.9613,25.35075,26,1400
2019-10-02T03:16:18.000Z,54.961617,25.351917,26,1400
2019-10-02T03:16:23.000Z,54.96171700000001,25.3523,26,1400
2019-10-02T03:16:42.000Z,54.962033,25.353467,26,1400
2019-10-02T03:16:53.000Z,54.962267,25.3543,26,1400
2019-10-02T03:17:18.000Z,54.9627,25.35585,26,1400
2019-10-02T03:17:23.000Z,54.9628,25.356233,26,1400
2019-10-02T03:17:30.000Z,54.9629,25.35655,26,1400
2019-10-02T03:17:52.000Z,54.96321700000001,25.357717,26,1400
2019-10-02T03:18:00.000Z,54.963433,25.358483,26,1400
2019-10-02T03:18:05.000Z,54.96355,25.358933,26,1400
2019-10-02T03:18:22.000Z,54.963667,25.359317,26,1400
2019-10-02T03:18:35.000Z,54.96406700000001,25.3608,26,1400
2019-10-02T03:18:41.000Z,54.964183,25.361183,26,1400
2019-10-02T03:18:48.000Z,54.964283,25.361583,26,1400
2019-10-02T03:18:53.000Z,54.96441700000001,25.362033,26,1400
2019-10-02T03:18:59.000Z,54.9645,25.36235,26,1400
2019-10-02T03:19:11.000Z,54.964683,25.362983,26,1400
2019-10-02T03:19:18.000Z,54.96485,25.363567,26,1400
2019-10-02T03:19:23.000Z,54.964933,25.363883,26,1400
2019-10-02T03:19:49.000Z,54.965267,25.3651,26,1400
2019-10-02T03:20:05.000Z,54.9657,25.36665,26,1400
2019-10-02T03:20:11.000Z,54.965783,25.366967,26,1400
2019-10-02T03:20:18.000Z,54.9659,25.36735,26,1400
2019-10-02T03:20:30.000Z,54.966117,25.368117,26,1400
2019-10-02T03:20:35.000Z,54.96621700000001,25.368517,26,1400
2019-10-02T03:20:41.000Z,54.96635,25.368967,26,1400
2019-10-02T03:20:53.000Z,54.966533,25.369667,26,1400
2019-10-02T03:20:59.000Z,54.96665,25.37005,26,1400
2019-10-02T03:21:05.000Z,54.966767,25.3705,26,1400
2019-10-02T03:21:11.000Z,54.966883,25.370883,26,1400
2019-10-02T03:21:23.000Z,54.967083,25.371667,26,1400
2019-10-02T03:21:30.000Z,54.9672,25.37205,26,1400
2019-10-02T03:21:51.000Z,54.9674,25.37275,26,1400
2019-10-02T03:22:05.000Z,54.9678,25.374167,26,1400
2019-10-02T03:22:11.000Z,54.967967,25.37475,26,1400
2019-10-02T03:22:18.000Z,54.96806700000001,25.375133,26,1400
2019-10-02T03:22:30.000Z,54.968267,25.375833,26,1400
2019-10-02T03:22:41.000Z,54.968483,25.3766,26,1400
2019-10-02T03:22:53.000Z,54.9687,25.377367,26,1400
2019-10-02T03:22:59.000Z,54.9688,25.37775,26,1400
2019-10-02T03:23:05.000Z,54.96893299999999,25.3782,26,1400
2019-10-02T03:23:30.000Z,54.96935,25.379683,26,1400
2019-10-02T03:23:36.000Z,54.96945,25.380067,26,1400
2019-10-02T03:23:47.000Z,54.969667,25.380833,26,1400
2019-10-02T03:23:53.000Z,54.96978299999999,25.381217000000003,26,1400
2019-10-02T03:23:59.000Z,54.969867,25.3816,26,1400
2019-10-02T03:24:05.000Z,54.969967,25.381917,26,1400
2019-10-02T03:24:11.000Z,54.9701,25.382417,26,1400
2019-10-02T03:24:30.000Z,54.97041700000001,25.383567000000006,26,1400
2019-10-02T03:24:54.000Z,54.970833,25.385117,26,1400
2019-10-02T03:25:04.000Z,54.970933,25.385433,26,1400
2019-10-02T03:25:11.000Z,54.97115,25.3862,26,1400
2019-10-02T03:25:31.000Z,54.97126700000001,25.38665,26,1400
2019-10-02T03:26:14.000Z,54.97215,25.3897,26,1400
2019-10-02T03:26:29.000Z,54.97258299999999,25.391233,26,1400
2019-10-02T03:26:53.000Z,54.97301700000001,25.392767000000006,26,1400
2019-10-02T03:27:11.000Z,54.97323299999999,25.39355,26,1400
2019-10-02T03:27:25.000Z,54.973567,25.3947,26,1400
2019-10-02T03:27:29.000Z,54.97365,25.395033,26,1400
2019-10-02T03:28:00.000Z,54.9742,25.39695,26,1400
2019-10-02T03:28:05.000Z,54.974317000000006,25.3974,26,1400
2019-10-02T03:28:11.000Z,54.974433,25.3978,26,1400
2019-10-02T03:28:34.000Z,54.97475,25.39895,26,1400
2019-10-02T03:29:00.000Z,54.975267,25.400833,26,1400
2019-10-02T03:29:10.000Z,54.97536700000001,25.40115,26,1400
2019-10-02T03:29:36.000Z,54.975833,25.402783,26,1400
2019-10-02T03:30:04.000Z,54.976367,25.404833,26,1400
2019-10-02T03:30:17.000Z,54.976683,25.40595,26,1400
2019-10-02T03:30:29.000Z,54.976933,25.406783,26,1400
2019-10-02T03:30:35.000Z,54.977017,25.407117,26,1400
2019-10-02T03:30:41.000Z,54.977133,25.4075,26,1400
2019-10-02T03:30:47.000Z,54.97725,25.40795,26,1400
2019-10-02T03:30:59.000Z,54.977333,25.408283,26,1400
2019-10-02T03:31:03.000Z,54.97745,25.408667,26,1400
2019-10-02T03:31:17.000Z,54.9778,25.4099,26,1400
2019-10-02T03:31:23.000Z,54.977883,25.410233,26,1400
2019-10-02T03:31:35.000Z,54.97811700000001,25.411067000000006,26,1400
2019-10-02T03:31:42.000Z,54.9782,25.411383,26,1400
2019-10-02T03:31:48.000Z,54.9783,25.411767,26,1400
2019-10-02T03:31:59.000Z,54.9785,25.41255,26,1400
2019-10-02T03:32:11.000Z,54.9787,25.41325,26,1400
2019-10-02T03:32:35.000Z,54.979167,25.414933,26,1400
2019-10-02T03:33:05.000Z,54.9797,25.416883,26,1400
2019-10-02T03:33:11.000Z,54.9798,25.4172,26,1400
2019-10-02T03:33:29.000Z,54.9799,25.4176,26,1400
2019-10-02T03:33:42.000Z,54.98031700000001,25.419083,26,1400
2019-10-02T03:33:49.000Z,54.980433,25.419467,26,1400
2019-10-02T03:34:11.000Z,54.980867,25.421017000000006,26,1400
2019-10-02T03:34:30.000Z,54.98125,25.422317,26,1400
2019-10-02T03:34:35.000Z,54.981317,25.422567,26,1400
2019-10-02T03:34:41.000Z,54.981483,25.42315,26,1400
2019-10-02T03:35:12.000Z,54.982,25.424967,26,1400
2019-10-02T03:35:24.000Z,54.98225,25.425867,26,1400
2019-10-02T03:35:41.000Z,54.982567,25.426967,26,1400
2019-10-02T03:35:48.000Z,54.9827,25.427433,26,1400
2019-10-02T03:36:18.000Z,54.983233,25.429367000000006,26,1400
2019-10-02T03:36:24.000Z,54.983333,25.4297,26,1400
2019-10-02T03:36:30.000Z,54.983433,25.430083,26,1400
2019-10-02T03:36:54.000Z,54.983883,25.431633,26,1400
2019-10-02T03:37:00.000Z,54.98396700000001,25.431967,26,1400
2019-10-02T03:37:05.000Z,54.984083,25.43235,26,1400
2019-10-02T03:37:11.000Z,54.98416700000001,25.432667,26,1400
2019-10-02T03:37:24.000Z,54.98441700000001,25.433517,26,1400
2019-10-02T03:37:34.000Z,54.984533,25.4339,26,1400
2019-10-02T03:37:42.000Z,54.98476700000001,25.434733,26,1400
2019-10-02T03:37:53.000Z,54.98495,25.435383,26,1400
2019-10-02T03:37:59.000Z,54.9851,25.4359,26,1400
2019-10-02T03:38:18.000Z,54.98541700000001,25.437,26,1400
2019-10-02T03:38:24.000Z,54.985533,25.437467,26,1400
2019-10-02T03:38:33.000Z,54.98563299999999,25.437783,26,1400
2019-10-02T03:38:42.000Z,54.98583299999999,25.4385,26,1400
2019-10-02T03:38:51.000Z,54.985933,25.438883,26,1400
2019-10-02T03:39:18.000Z,54.9865,25.440883,26,1400
2019-10-02T03:39:23.000Z,54.986617,25.441283,26,1400
2019-10-02T03:39:35.000Z,54.98685,25.442117,26,1400
2019-10-02T03:39:53.000Z,54.98715,25.44315,26,1400
2019-10-02T03:40:12.000Z,54.987517,25.4445,26,1400
2019-10-02T03:40:18.000Z,54.987583,25.4447,26,1400
2019-10-02T03:40:23.000Z,54.987683,25.445083,26,1400
2019-10-02T03:40:34.000Z,54.98781700000001,25.445533,26,1400
2019-10-02T03:40:48.000Z,54.98818299999999,25.44685,26,1400
2019-10-02T03:41:12.000Z,54.98863299999999,25.448417000000006,26,1400
2019-10-02T03:41:18.000Z,54.988733,25.4488,26,1400
2019-10-02T03:41:23.000Z,54.9888,25.449,26,1400
2019-10-02T03:41:36.000Z,54.989017,25.449833,26,1400
2019-10-02T03:41:48.000Z,54.98926700000001,25.450667000000006,26,1400
2019-10-02T03:41:53.000Z,54.989333,25.450933,26,1400
2019-10-02T03:42:36.000Z,54.99013299999999,25.453767000000006,26,1400
2019-10-02T03:42:41.000Z,54.990233,25.45415,26,1400
2019-10-02T03:42:53.000Z,54.990417,25.454783,26,1400
2019-10-02T03:43:00.000Z,54.99056700000001,25.4553,26,1400
2019-10-02T03:43:06.000Z,54.990683,25.4557,26,1400
2019-10-02T03:43:12.000Z,54.9908,25.45615,26,1400
2019-10-02T03:43:18.000Z,54.990917,25.456533,26,1400
2019-10-02T03:43:23.000Z,54.99096700000001,25.456717,26,1400
2019-10-02T03:43:36.000Z,54.99118299999999,25.45755,26,1400
2019-10-02T03:43:41.000Z,54.991317,25.45795,26,1400
2019-10-02T03:43:48.000Z,54.9914,25.458267000000006,26,1400
2019-10-02T03:44:06.000Z,54.991733,25.459483,26,1400
2019-10-02T03:44:11.000Z,54.99185,25.459867000000006,26,1400
2019-10-02T03:44:23.000Z,54.99205,25.460583,26,1400
2019-10-02T03:44:30.000Z,54.992183,25.461033,26,1400
2019-10-02T03:44:48.000Z,54.99255,25.462317,26,1400
2019-10-02T03:45:06.000Z,54.99285,25.4634,26,1400
2019-10-02T03:45:11.000Z,54.992933,25.463717000000006,26,1400
2019-10-02T03:45:19.000Z,54.993083,25.464233,26,1400
2019-10-02T03:45:23.000Z,54.99315,25.464433,26,1400
2019-10-02T03:45:35.000Z,54.993383,25.465267,26,1400
2019-10-02T03:45:48.000Z,54.99361700000001,25.4661,26,1400
2019-10-02T03:46:06.000Z,54.993917,25.4672,26,1400
2019-10-02T03:46:12.000Z,54.99405,25.46765,26,1400
2019-10-02T03:46:23.000Z,54.99425,25.46835,26,1400
2019-10-02T03:46:35.000Z,54.99445,25.46905,26,1400
2019-10-02T03:46:48.000Z,54.9947,25.46995,26,1400
2019-10-02T03:47:05.000Z,54.995017,25.47105,26,1400
2019-10-02T03:47:23.000Z,54.995333,25.472133,26,1400
2019-10-02T03:47:30.000Z,54.99545,25.472583,26,1400
2019-10-02T03:47:36.000Z,54.995583,25.473033,26,1400
2019-10-02T03:48:09.000Z,54.996,25.474433,26,1400
2019-10-02T03:48:30.000Z,54.996583,25.476417,26,1400
2019-10-02T03:48:49.000Z,54.996917,25.477567,26,1400
2019-10-02T03:49:02.000Z,54.99701700000001,25.478,26,1400
2019-10-02T03:49:23.000Z,54.997583,25.479917,26,1400
2019-10-02T03:49:35.000Z,54.997767,25.480633,26,1400
2019-10-02T03:49:48.000Z,54.997983,25.4814,26,1400
2019-10-02T03:50:48.000Z,54.999083,25.485233,26,1400
2019-10-02T03:50:53.000Z,54.9992,25.485617,26,1400
2019-10-02T03:51:05.000Z,54.999383,25.486317,26,1400
2019-10-02T03:51:17.000Z,54.999633,25.48715,26,1400
2019-10-02T03:51:23.000Z,54.99975,25.487533,26,1400
2019-10-02T03:51:36.000Z,54.99996700000001,25.4883,26,1400
2019-10-02T03:51:42.000Z,55.000083,25.488683,26,1400
2019-10-02T03:51:48.000Z,55.00018299999999,25.489067,26,1400
2019-10-02T03:52:00.000Z,55.0004,25.489833,26,1400
2019-10-02T03:52:06.000Z,55.000517,25.490217,26,1400
2019-10-02T03:52:20.000Z,55.000717,25.490917,26,1400
2019-10-02T03:52:24.000Z,55.00081700000001,25.4913,26,1400
2019-10-02T03:52:42.000Z,55.001167,25.492517000000007,26,1400
2019-10-02T03:52:58.000Z,55.001283,25.4929,26,1400
2019-10-02T03:53:15.000Z,55.0017,25.49445,26,1400
2019-10-02T03:53:23.000Z,55.001933,25.495267,26,1400
2019-10-02T03:53:48.000Z,55.00236700000001,25.4968,26,1400
2019-10-02T03:53:56.000Z,55.002467,25.497133,26,1400
2019-10-02T03:54:00.000Z,55.002567000000006,25.497517,26,1400
2019-10-02T03:54:17.000Z,55.00281700000001,25.49835,26,1400
2019-10-02T03:54:34.000Z,55.00315,25.4995,26,1400
2019-10-02T03:54:48.000Z,55.00345,25.500583,26,1400
2019-10-02T03:54:54.000Z,55.003567,25.501033,26,1400
2019-10-02T03:55:17.000Z,55.003767,25.50175,26,1400
2019-10-02T03:55:32.000Z,55.004283,25.503267,26,1700
2019-10-02T03:55:36.000Z,55.004433,25.503633,26,1800
2019-10-02T03:55:52.000Z,55.004767,25.504367,26,2000
2019-10-02T03:56:05.000Z,55.00511700000001,25.505167,26,2200
2019-10-02T03:56:11.000Z,55.00533299999999,25.505517,26,2300
2019-10-02T03:56:30.000Z,55.005683,25.506167,25,2600
2019-10-02T03:56:49.000Z,55.00655,25.507483,25,3100
2019-10-02T03:57:06.000Z,55.00755,25.508733,25,3600
2019-10-02T03:57:21.000Z,55.00786700000001,25.5091,25,3700
2019-10-02T03:57:27.000Z,55.008133,25.509383,25,3800
2019-10-02T03:57:46.000Z,55.00865,25.509967,25,4000
2019-10-02T03:58:08.000Z,55.00986700000001,25.511083,25,4300
2019-10-02T03:58:27.000Z,55.011383,25.51245,25,4600
2019-10-02T03:58:46.000Z,55.01196700000001,25.512933,25,4600
2019-10-02T03:59:13.000Z,55.01386700000001,25.5145,25,4800
2019-10-02T03:59:18.000Z,55.0142,25.51475,25,4800
2019-10-02T03:59:26.000Z,55.01456700000001,25.51505,25,4800
2019-10-02T03:59:30.000Z,55.014833,25.515267,25,4800
2019-10-02T03:59:47.000Z,55.015483,25.515817,25,4900
2019-10-02T04:00:18.000Z,55.01745,25.517317,25,4900
2019-10-02T04:00:52.000Z,55.018767,25.518333,25,4900
2019-10-02T04:01:03.000Z,55.01975,25.5191,25,4900
2019-10-02T04:01:09.000Z,55.02008299999999,25.51935,25,4900
2019-10-02T04:01:28.000Z,55.020783,25.519917,26,4900
2019-10-02T04:01:44.000Z,55.021783,25.520667,26,4900
2019-10-02T04:02:08.000Z,55.022783,25.521433,26,4900
2019-10-02T04:03:15.000Z,55.026333,25.524217,26,4900
2019-10-02T04:03:36.000Z,55.0283,25.5258,26,4900
2019-10-02T04:04:00.000Z,55.029683,25.526833,26,4900
2019-10-02T04:04:19.000Z,55.030017,25.527083,26,4900
2019-10-02T04:04:36.000Z,55.03121700000001,25.528017,26,4900
2019-10-02T04:05:00.000Z,55.03291700000001,25.52935,26,4900
2019-10-02T04:05:16.000Z,55.033633,25.529917,26,4900
2019-10-02T04:05:19.000Z,55.033917,25.530133,26,4900
2019-10-02T04:05:31.000Z,55.03463299999999,25.5307,26,4900
2019-10-02T04:05:36.000Z,55.03491700000001,25.530917,26,4900
2019-10-02T04:05:53.000Z,55.0359,25.531683,26,4900
2019-10-02T04:06:00.000Z,55.03635,25.532017,26,4900
2019-10-02T04:06:06.000Z,55.03661700000001,25.532233,26,4900
2019-10-02T04:06:12.000Z,55.03695,25.532483,26,4900
2019-10-02T04:06:18.000Z,55.03723299999999,25.5327,26,4900
2019-10-02T04:06:24.000Z,55.037567,25.53295,26,4900
2019-10-02T04:06:36.000Z,55.03795,25.53325,26,4900
2019-10-02T04:06:48.000Z,55.038883,25.534017,26,4900
2019-10-02T04:07:00.000Z,55.03955,25.534483,26,4900
2019-10-02T04:07:12.000Z,55.04026700000001,25.53505,26,4900
2019-10-02T04:07:19.000Z,55.0406,25.5353,26,4900
2019-10-02T04:07:24.000Z,55.04086700000001,25.535517,26,4900
2019-10-02T04:07:30.000Z,55.04126700000001,25.535817,26,4900
2019-10-02T04:07:42.000Z,55.041867,25.536283,26,4900
2019-10-02T04:08:00.000Z,55.04285,25.537033,26,4900
2019-10-02T04:08:17.000Z,55.043567,25.537583,26,4900
2019-10-02T04:08:29.000Z,55.0445,25.5383,26,4900
2019-10-02T04:09:06.000Z,55.04655,25.539883,26,4900
2019-10-02T04:09:12.000Z,55.04683299999999,25.5401,26,4900
2019-10-02T04:09:18.000Z,55.047217,25.540383,26,4900
2019-10-02T04:09:24.000Z,55.04755,25.54065,26,4900
2019-10-02T04:09:29.000Z,55.04771700000001,25.540767,26,4900
2019-10-02T04:09:41.000Z,55.04855,25.541417000000006,26,4900
2019-10-02T04:09:49.000Z,55.048833,25.541633,26,4900
2019-10-02T04:10:06.000Z,55.04955,25.542183,26,4900
2019-10-02T04:10:32.000Z,55.05116700000001,25.543417,26,4900
2019-10-02T04:10:36.000Z,55.0515,25.543683,26,4900
2019-10-02T04:10:53.000Z,55.052167,25.5442,26,4900
2019-10-02T04:11:15.000Z,55.053217,25.545017,26,4900
2019-10-02T04:11:29.000Z,55.05456700000001,25.546033,26,4900
2019-10-02T04:11:42.000Z,55.055167,25.5465,26,4900
2019-10-02T04:12:48.000Z,55.0589,25.549383,26,4900
2019-10-02T04:13:18.000Z,55.060517,25.550633,26,4900
2019-10-02T04:13:44.000Z,55.06085,25.550883,26,4900
2019-10-02T04:13:51.000Z,55.061233,25.551183,26,4900
2019-10-02T04:14:23.000Z,55.063583,25.552983,26,4900
2019-10-02T04:14:33.000Z,55.0642,25.553467,26,4900
2019-10-02T04:14:46.000Z,55.0652,25.554233,26,4900
2019-10-02T04:14:53.000Z,55.065533,25.5545,26,4900
2019-10-02T04:15:00.000Z,55.0662,25.555017000000007,26,4900
2019-10-02T04:15:06.000Z,55.06653299999999,25.555283,26,4900
2019-10-02T04:15:18.000Z,55.067267,25.55585,26,4900
2019-10-02T04:15:28.000Z,55.06755,25.556067,26,4900
2019-10-02T04:15:35.000Z,55.067883,25.556317,26,4900
2019-10-02T04:15:54.000Z,55.069283,25.557383,26,4900
2019-10-02T04:16:12.000Z,55.070233,25.558117000000006,26,4900
2019-10-02T04:16:24.000Z,55.0709,25.558633,26,4900
2019-10-02T04:16:36.000Z,55.07125,25.558883,26,4900
2019-10-02T04:17:04.000Z,55.072583,25.559917,26,4900
2019-10-02T04:17:43.000Z,55.0743,25.56125,26,4800
2019-10-02T04:18:18.000Z,55.07686700000001,25.56335,26,4700
2019-10-02T04:18:32.000Z,55.077833,25.564167,26,4700
2019-10-02T04:18:37.000Z,55.07815,25.564433,26,4700
2019-10-02T04:18:54.000Z,55.07901700000001,25.56515,26,4600
2019-10-02T04:19:18.000Z,55.0804,25.566333,26,4600
2019-10-02T04:19:24.000Z,55.080783,25.56665,26,4600
2019-10-02T04:19:35.000Z,55.0811,25.566933,26,4600
2019-10-02T04:19:54.000Z,55.082067,25.56775,26,4600
2019-10-02T04:20:21.000Z,55.083617,25.569067,26,4600
2019-10-02T04:20:40.000Z,55.084583,25.569883,26,4700
2019-10-02T04:20:53.000Z,55.085483,25.57065,26,4600
2019-10-02T04:21:24.000Z,55.08715,25.572067,26,4600
2019-10-02T04:21:53.000Z,55.08881700000001,25.573483,26,4600
2019-10-02T04:22:18.000Z,55.0901,25.574567,26,4600
2019-10-02T04:23:09.000Z,55.091233,25.575533,26,4600
2019-10-02T04:24:05.000Z,55.09591700000001,25.5795,26,4600
2019-10-02T04:24:28.000Z,55.0969,25.580317,26,4600
2019-10-02T04:24:48.000Z,55.098133,25.581367,26,4600
2019-10-02T04:26:24.000Z,55.103333,25.58575,26,4700
2019-10-02T04:26:29.000Z,55.1037,25.586083,26,4700
2019-10-02T04:26:51.000Z,55.10398299999999,25.5863,26,4700
2019-10-02T04:27:09.000Z,55.1056,25.587683,26,4700
2019-10-02T04:27:18.000Z,55.1062,25.588183,26,4600
2019-10-02T04:27:30.000Z,55.10695,25.588817,26,4700
2019-10-02T04:27:36.000Z,55.107233,25.58905,26,4600
2019-10-02T04:27:58.000Z,55.10745,25.589233,26,4600
2019-10-02T04:29:11.000Z,55.11083299999999,25.59205,26,4700
2019-10-02T04:30:54.000Z,55.118267,25.597933,26,4900
2019-10-02T04:31:17.000Z,55.11855,25.59815,26,4900
2019-10-02T04:31:22.000Z,55.118933,25.598467000000007,26,4900
2019-10-02T04:31:44.000Z,55.12095,25.60005,26,4900
2019-10-02T04:31:48.000Z,55.121233,25.600267,26,4900
2019-10-02T04:32:11.000Z,55.12196700000001,25.600833,26,4900
2019-10-02T04:32:27.000Z,55.122933,25.601583,26,4900
2019-10-02T04:32:48.000Z,55.124667,25.60295,26,4900
2019-10-02T04:32:54.000Z,55.12495,25.603183,26,4900
2019-10-02T04:33:07.000Z,55.125683,25.60375,26,4900
2019-10-02T04:33:12.000Z,55.126017,25.604017,26,4900
2019-10-02T04:33:33.000Z,55.1267,25.604533,26,4900
2019-10-02T04:33:55.000Z,55.128333,25.605817,26,4900
2019-10-02T04:34:13.000Z,55.1294,25.60665,26,4900
2019-10-02T04:34:18.000Z,55.12968299999999,25.606867,26,4900
2019-10-02T04:34:41.000Z,55.131033,25.607933,26,4900
2019-10-02T04:34:48.000Z,55.131433,25.608233,26,4900
2019-10-02T04:34:53.000Z,55.1317,25.60845,26,4900
2019-10-02T04:35:00.000Z,55.13205,25.608717,26,4900
2019-10-02T04:35:17.000Z,55.132767,25.609283,26,4900
2019-10-02T04:35:24.000Z,55.133383,25.609767,26,4900
2019-10-02T04:35:36.000Z,55.134117,25.610333,26,4900
2019-10-02T04:35:42.000Z,55.1344,25.61055,26,4900
2019-10-02T04:35:53.000Z,55.13501700000001,25.611033,26,4900
2019-10-02T04:36:00.000Z,55.135417,25.61135,26,4900
2019-10-02T04:36:05.000Z,55.13575,25.6116,26,4900
2019-10-02T04:36:18.000Z,55.136483,25.612183,26,4900
2019-10-02T04:36:24.000Z,55.136767000000006,25.6124,26,4900
2019-10-02T04:36:29.000Z,55.1371,25.612667,26,4900
2019-10-02T04:36:36.000Z,55.137483,25.612967,26,4900
2019-10-02T04:36:41.000Z,55.137767,25.613183,26,4900
2019-10-02T04:36:59.000Z,55.138783,25.613983,26,4900
2019-10-02T04:37:12.000Z,55.13945,25.6145,26,4900
2019-10-02T04:37:18.000Z,55.139833,25.614817,26,4800
2019-10-02T04:37:26.000Z,55.14016700000001,25.615083,26,4800
2019-10-02T04:37:41.000Z,55.14106700000001,25.615783,26,4900
2019-10-02T04:37:59.000Z,55.14215,25.616617,26,4900
2019-10-02T04:38:18.000Z,55.143233,25.617417,26,5000
2019-10-02T04:38:24.000Z,55.14358299999999,25.617667,26,5100
2019-10-02T04:38:33.000Z,55.143883,25.617883,26,5100
2019-10-02T04:38:41.000Z,55.14465,25.618417,26,5100
2019-10-02T04:38:54.000Z,55.1453,25.61885,26,5200
2019-10-02T04:39:17.000Z,55.146083,25.619383,26,5200
2019-10-02T04:39:36.000Z,55.147817,25.62055,26,5300
2019-10-02T04:39:41.000Z,55.14805,25.6207,26,5300
2019-10-02T04:39:48.000Z,55.14853299999999,25.621017,26,5300
2019-10-02T04:39:59.000Z,55.14925,25.6215,26,5300
2019-10-02T04:40:06.000Z,55.149667,25.621783,26,5300
2019-10-02T04:40:11.000Z,55.15003299999999,25.622033,26,5300
2019-10-02T04:40:23.000Z,55.150317,25.622233,26,5300
2019-10-02T04:40:36.000Z,55.1514,25.62295,26,5300
2019-10-02T04:40:47.000Z,55.15205,25.6234,26,5300
2019-10-02T04:40:59.000Z,55.152833,25.623917,26,5300
2019-10-02T04:41:08.000Z,55.15325,25.6242,26,5300
2019-10-02T04:41:12.000Z,55.153617,25.624433,26,5300
2019-10-02T04:41:18.000Z,55.15391700000001,25.624633,26,5400
2019-10-02T04:41:29.000Z,55.15471700000001,25.62515,26,5400
2019-10-02T04:41:36.000Z,55.155017,25.625333,26,5400
2019-10-02T04:41:41.000Z,55.15538299999999,25.625567,26,5500
2019-10-02T04:42:04.000Z,55.1565,25.626233,26,5600
2019-10-02T04:42:18.000Z,55.157617,25.6269,26,5600
2019-10-02T04:42:37.000Z,55.15875,25.62755,26,5700
2019-10-02T04:42:41.000Z,55.159117,25.627767,26,5700
2019-10-02T04:42:48.000Z,55.159383,25.6279,26,5700
2019-10-02T04:42:53.000Z,55.159883,25.628183,26,5800
2019-10-02T04:43:10.000Z,55.16051700000001,25.62855,26,5800
2019-10-02T04:43:18.000Z,55.161333,25.629,26,5800
2019-10-02T04:43:36.000Z,55.16221700000001,25.629483,26,5800
2019-10-02T04:43:47.000Z,55.16335,25.630133,26,5800
2019-10-02T04:43:53.000Z,55.163667,25.6303,26,5800
2019-10-02T04:44:05.000Z,55.164433,25.630717,26,5800
2019-10-02T04:44:15.000Z,55.16475,25.6309,26,5800
2019-10-02T04:44:37.000Z,55.16631999999999,25.63176,26,5800
2019-10-02T04:44:42.000Z,55.166693,25.631973,26,5800
2019-10-02T04:44:51.000Z,55.167083,25.632183,26,5800
2019-10-02T04:45:01.000Z,55.167533,25.632433,26,5800
2019-10-02T04:45:18.000Z,55.16904,25.63328,26,5800
2019-10-02T04:45:24.000Z,55.169367,25.63345,26,5800
2019-10-02T04:45:29.000Z,55.169733,25.633667000000006,26,5800
2019-10-02T04:45:41.000Z,55.1705,25.6341,26,5700
2019-10-02T04:45:53.000Z,55.171317,25.634567,26,5700
2019-10-02T04:46:07.000Z,55.172,25.634967,26,5600
2019-10-02T04:46:11.000Z,55.172233,25.635117,26,5600
2019-10-02T04:46:17.000Z,55.1728,25.635467,26,5600
2019-10-02T04:46:29.000Z,55.1731,25.63565,26,5600
2019-10-02T04:46:47.000Z,55.174567,25.63655,26,5500
2019-10-02T04:46:53.000Z,55.174917,25.636783,26,5500
2019-10-02T04:46:59.000Z,55.17528299999999,25.637017,26,5500
2019-10-02T04:47:08.000Z,55.1757,25.6373,26,5400
2019-10-02T04:47:11.000Z,55.176,25.6375,26,5400
2019-10-02T04:47:17.000Z,55.176417,25.637767,26,5300
2019-10-02T04:47:29.000Z,55.17705,25.638217,26,5300
2019-10-02T04:47:37.000Z,55.1774,25.63845,26,5200
2019-10-02T04:47:53.000Z,55.17781700000001,25.63875,26,5200
2019-10-02T04:48:10.000Z,55.17905,25.639667000000006,26,5000
2019-10-02T04:48:17.000Z,55.179667,25.64015,26,4900
2019-10-02T04:48:29.000Z,55.180433,25.64075,26,4800
2019-10-02T04:48:41.000Z,55.181133,25.641333,26,4700
2019-10-02T04:48:47.000Z,55.181383,25.641567,26,4700
2019-10-02T04:49:05.000Z,55.182383,25.642433,26,4600
2019-10-02T04:49:26.000Z,55.183317,25.643267,26,4500
2019-10-02T04:49:29.000Z,55.183517,25.64345,26,4500
2019-10-02T04:49:44.000Z,55.184083,25.643967,26,4400
2019-10-02T04:49:59.000Z,55.1851,25.644933,26,4400
2019-10-02T04:50:12.000Z,55.18575,25.64555,26,4300
2019-10-02T04:50:29.000Z,55.18666700000001,25.646417,26,4300
2019-10-02T04:50:42.000Z,55.1872,25.64695,26,4300
2019-10-02T04:50:47.000Z,55.1875,25.647233,26,4300
2019-10-02T04:50:53.000Z,55.1878,25.647533,26,4300
2019-10-02T04:51:06.000Z,55.1884,25.6481,26,4300
2019-10-02T04:51:24.000Z,55.189067,25.648717,26,4300
2019-10-02T04:51:41.000Z,55.19025,25.649817,26,4400
2019-10-02T04:51:48.000Z,55.19055,25.650117,26,4400
2019-10-02T04:51:53.000Z,55.190867,25.6504,26,4400
2019-10-02T04:51:59.000Z,55.19116700000001,25.650683,26,4400
2019-10-02T04:52:06.000Z,55.19153299999999,25.651017,26,4400
2019-10-02T04:52:12.000Z,55.191783,25.65125,26,4400
2019-10-02T04:52:27.000Z,55.1921,25.651533,26,4400
2019-10-02T04:52:47.000Z,55.19365,25.652967,26,4400
2019-10-02T04:52:53.000Z,55.19395,25.65325,26,4400
2019-10-02T04:53:06.000Z,55.194633,25.653867,26,4400
2019-10-02T04:53:17.000Z,55.1951,25.6543,26,4400
2019-10-02T04:53:24.000Z,55.195517,25.654733,26,4400
2019-10-02T04:53:30.000Z,55.19586700000001,25.655017,26,4400
2019-10-02T04:53:39.000Z,55.196133,25.65525,26,4400
2019-10-02T04:53:49.000Z,55.1968,25.655867,26,4400
2019-10-02T04:53:53.000Z,55.197067,25.6561,26,4400
2019-10-02T04:53:59.000Z,55.19736700000001,25.656383,26,4400
2019-10-02T04:54:06.000Z,55.197683,25.656667,26,4400
2019-10-02T04:54:12.000Z,55.19805,25.657,26,4400
2019-10-02T04:54:17.000Z,55.19835,25.657283,26,4400
2019-10-02T04:54:24.000Z,55.19861700000001,25.657533,26,4400
2019-10-02T04:54:30.000Z,55.198983,25.65785,26,4400
2019-10-02T04:54:35.000Z,55.199283,25.65815,26,4400
2019-10-02T04:54:42.000Z,55.19955,25.658383,26,4400
2019-10-02T04:54:48.000Z,55.19986700000001,25.658667,26,4400
2019-10-02T04:54:53.000Z,55.200217,25.659,26,4400
2019-10-02T04:54:59.000Z,55.200483,25.659233,26,4400
2019-10-02T04:55:06.000Z,55.2008,25.659517,26,4400
2019-10-02T04:55:12.000Z,55.2011,25.6598,26,4400
2019-10-02T04:55:17.000Z,55.201467,25.660133,26,4400
2019-10-02T04:55:23.000Z,55.201717,25.660383,26,4400
2019-10-02T04:55:30.000Z,55.20203299999999,25.660667,26,4400
2019-10-02T04:55:35.000Z,55.2024,25.661,26,4400
2019-10-02T04:55:54.000Z,55.203267,25.6618,26,4400
2019-10-02T04:55:59.000Z,55.203633,25.662133,26,4400
2019-10-02T04:56:05.000Z,55.20395,25.662417,26,4400
2019-10-02T04:56:11.000Z,55.2042,25.66265,26,4400
2019-10-02T04:56:24.000Z,55.20486700000001,25.663267,26,4400
2019-10-02T04:56:30.000Z,55.205133,25.663517,26,4400
2019-10-02T04:56:37.000Z,55.205333,25.6637,26,4400
2019-10-02T04:56:41.000Z,55.20565,25.663983,26,4400
2019-10-02T04:56:48.000Z,55.206067,25.664367,26,4400
2019-10-02T04:56:53.000Z,55.20636700000001,25.66465,26,4400
2019-10-02T04:56:59.000Z,55.206683,25.664933,26,4400
2019-10-02T04:57:05.000Z,55.20693299999999,25.665167,26,4400
2019-10-02T04:57:11.000Z,55.20735,25.66555,26,4400
2019-10-02T04:57:29.000Z,55.207917,25.666067,26,4400
2019-10-02T04:57:41.000Z,55.20885,25.666917,26,4400
2019-10-02T04:57:48.000Z,55.2092,25.66725,26,4400
2019-10-02T04:57:59.000Z,55.209667,25.667667,26,4400
2019-10-02T04:58:05.000Z,55.210083,25.66805,26,4400
2019-10-02T04:58:24.000Z,55.21101700000001,25.6689,26,4400
2019-10-02T04:58:30.000Z,55.211333,25.669183,26,4400
2019-10-02T04:58:35.000Z,55.211683,25.669517000000006,26,4400
2019-10-02T04:58:43.000Z,55.21195,25.66975,26,4400
2019-10-02T04:58:48.000Z,55.21225,25.670033,26,4400
2019-10-02T04:58:53.000Z,55.212617,25.670367,26,4400
2019-10-02T04:58:59.000Z,55.212883,25.670617,26,4400
2019-10-02T04:59:05.000Z,55.213233,25.67095,26,4400
2019-10-02T04:59:11.000Z,55.2135,25.671183,26,4400
2019-10-02T04:59:18.000Z,55.21385,25.671517,26,4400
2019-10-02T04:59:24.000Z,55.214167,25.6718,26,4400
2019-10-02T04:59:30.000Z,55.21441700000001,25.672033,26,4400
2019-10-02T04:59:35.000Z,55.21471700000001,25.672317,26,4400
2019-10-02T04:59:41.000Z,55.21508299999999,25.67265,26,4400
2019-10-02T04:59:47.000Z,55.215233,25.6728,26,4400
2019-10-02T04:59:54.000Z,55.21565,25.673183,26,4400
2019-10-02T04:59:59.000Z,55.216,25.673517,26,4400
2019-10-02T05:00:06.000Z,55.216317,25.6738,26,4400
2019-10-02T05:00:11.000Z,55.216517,25.673983,26,4400
2019-10-02T05:00:17.000Z,55.21686700000001,25.674317,26,4400
2019-10-02T05:00:24.000Z,55.21723299999999,25.67465,26,4400
2019-10-02T05:00:30.000Z,55.2175,25.674883,26,4400
2019-10-02T05:00:35.000Z,55.2178,25.675167,26,4400
2019-10-02T05:00:42.000Z,55.21811700000001,25.6755,26,4400
2019-10-02T05:00:54.000Z,55.21875,25.676017,26,4500
2019-10-02T05:00:59.000Z,55.21895,25.6762,26,4500
2019-10-02T05:01:11.000Z,55.219733,25.6769,26,4500
2019-10-02T05:01:17.000Z,55.22,25.677133,26,4500
2019-10-02T05:01:24.000Z,55.220317,25.6774,26,4600
2019-10-02T05:01:35.000Z,55.220967,25.67795,26,4600
2019-10-02T05:01:42.000Z,55.22128299999999,25.678233,26,4600
2019-10-02T05:01:47.000Z,55.2216,25.67855,26,4600
2019-10-02T05:01:59.000Z,55.22225,25.67905,26,4600
2019-10-02T05:02:06.000Z,55.22256700000001,25.679317,26,4600
2019-10-02T05:02:11.000Z,55.222933,25.679633,26,4600
2019-10-02T05:02:17.000Z,55.22326700000001,25.679917,26,4600
2019-10-02T05:02:35.000Z,55.2239,25.68045,26,4600
2019-10-02T05:02:42.000Z,55.2245,25.68095,26,4600
2019-10-02T05:02:53.000Z,55.225083,25.68145,26,4600
2019-10-02T05:02:59.000Z,55.22535,25.681683,26,4600
2019-10-02T05:03:06.000Z,55.22576700000001,25.68205,26,4600
2019-10-02T05:03:11.000Z,55.22598299999999,25.682233,26,4600
2019-10-02T05:03:17.000Z,55.226367,25.682567,26,4600
2019-10-02T05:03:24.000Z,55.226733,25.682883,26,4600
2019-10-02T05:03:30.000Z,55.22705,25.68315,26,4600
2019-10-02T05:03:35.000Z,55.227417,25.683483,26,4600
2019-10-02T05:03:53.000Z,55.228383,25.6843,26,4600
2019-10-02T05:04:06.000Z,55.229017000000006,25.68485,26,4600
2019-10-02T05:04:11.000Z,55.229283,25.685083,26,4600
2019-10-02T05:04:17.000Z,55.22965,25.685417,26,4600
2019-10-02T05:04:30.000Z,55.230233,25.685917,26,4600
2019-10-02T05:04:36.000Z,55.23055,25.6862,26,4600
2019-10-02T05:04:42.000Z,55.23093299999999,25.686517,26,4600
2019-10-02T05:04:47.000Z,55.231083,25.68665,26,4600
2019-10-02T05:05:00.000Z,55.231883,25.68735,26,4600
2019-10-02T05:05:11.000Z,55.23241700000001,25.6878,26,4600
2019-10-02T05:05:42.000Z,55.23411700000001,25.689283,26,4600
2019-10-02T05:05:48.000Z,55.23445,25.68955,26,4600
2019-10-02T05:05:53.000Z,55.2347,25.689783,26,4600
2019-10-02T05:06:00.000Z,55.235033,25.69005,26,4600
2019-10-02T05:06:06.000Z,55.2354,25.690383,26,4600
2019-10-02T05:06:11.000Z,55.235717,25.69065,26,4600
2019-10-02T05:06:17.000Z,55.235883,25.6908,26,4600
2019-10-02T05:06:37.000Z,55.23695,25.691717,26,4600
2019-10-02T05:06:44.000Z,55.237267,25.691983,26,4600
2019-10-02T05:06:54.000Z,55.237633,25.692317000000006,26,4600
2019-10-02T05:07:21.000Z,55.239167,25.69365,26,4600
2019-10-02T05:07:31.000Z,55.23948299999999,25.693933,26,4600
2019-10-02T05:07:42.000Z,55.240433,25.694767,26,4600
2019-10-02T05:07:48.000Z,55.24075,25.695033,26,4500
2019-10-02T05:07:55.000Z,55.241067,25.695317000000006,26,4500
2019-10-02T05:08:05.000Z,55.241383,25.6956,26,4500
2019-10-02T05:08:25.000Z,55.24228299999999,25.696383,26,4500
2019-10-02T05:08:28.000Z,55.24255,25.696617,26,4500
2019-10-02T05:08:48.000Z,55.2436,25.697533,26,4600
2019-10-02T05:09:03.000Z,55.24455,25.698367,26,4600
2019-10-02T05:09:12.000Z,55.244867000000006,25.698633,26,4600
2019-10-02T05:09:27.000Z,55.245833,25.699467,26,4600
2019-10-02T05:09:34.000Z,55.24615,25.699733,26,4600
2019-10-02T05:09:42.000Z,55.2468,25.700283,26,4600
2019-10-02T05:09:50.000Z,55.247117,25.70055,26,4600
2019-10-02T05:10:08.000Z,55.247433,25.700833,26,4600
2019-10-02T05:10:56.000Z,55.2506,25.703583,26,4600
2019-10-02T05:11:11.000Z,55.251283,25.704183,26,4600
2019-10-02T05:11:24.000Z,55.252233,25.705017,26,4500
2019-10-02T05:11:36.000Z,55.25281700000001,25.705517,26,4600
2019-10-02T05:11:50.000Z,55.25345,25.706067,26,4600
2019-10-02T05:12:00.000Z,55.254083,25.706667000000003,26,4600
2019-10-02T05:12:13.000Z,55.254767,25.707217,26,4600
2019-10-02T05:12:24.000Z,55.255417,25.707767,26,4600
2019-10-02T05:12:30.000Z,55.255733,25.708033,26,4700
2019-10-02T05:12:35.000Z,55.256,25.70825,26,4700
2019-10-02T05:12:48.000Z,55.2567,25.708833,26,4700
2019-10-02T05:12:53.000Z,55.256967,25.70905,26,4700
2019-10-02T05:13:05.000Z,55.25768299999999,25.709633,26,4700
2019-10-02T05:13:21.000Z,55.258283,25.710117,26,4800
2019-10-02T05:13:29.000Z,55.258883,25.7106,26,4800
2019-10-02T05:13:46.000Z,55.2596,25.711167,26,4800
2019-10-02T05:13:53.000Z,55.26025,25.7117,26,4800
2019-10-02T05:14:05.000Z,55.260967,25.712267,26,4800
2019-10-02T05:14:12.000Z,55.2613,25.712533,26,4800
2019-10-02T05:14:17.000Z,55.26156700000001,25.71275,26,4800
2019-10-02T05:14:41.000Z,55.26245,25.71345,26,4800
2019-10-02T05:14:53.000Z,55.26355,25.714333,26,4800
2019-10-02T05:15:00.000Z,55.26386700000001,25.7146,26,4800
2019-10-02T05:15:05.000Z,55.2642,25.714917,26,4800
2019-10-02T05:15:20.000Z,55.26475,25.7153,26,4800
2019-10-02T05:15:35.000Z,55.26583299999999,25.716183,26,4800
2019-10-02T05:15:45.000Z,55.266167,25.71645,26,4800
2019-10-02T05:15:54.000Z,55.266817,25.716983,26,4800
2019-10-02T05:16:05.000Z,55.26745,25.7175,26,4800
2019-10-02T05:16:12.000Z,55.267833,25.7178,26,4800
2019-10-02T05:16:23.000Z,55.268433,25.718283,26,4800
2019-10-02T05:16:35.000Z,55.26903299999999,25.718767,26,4800
2019-10-02T05:16:42.000Z,55.269417,25.719067000000006,26,4800
2019-10-02T05:17:02.000Z,55.270133,25.719633,26,4800
2019-10-02T05:17:30.000Z,55.27145,25.7207,26,4800
2019-10-02T05:17:59.000Z,55.273417,25.722283,26,4800
2019-10-02T05:18:06.000Z,55.274067,25.722817000000006,26,4800
2019-10-02T05:18:14.000Z,55.27435,25.72305,26,4800
2019-10-02T05:18:17.000Z,55.274617000000006,25.723267,26,4800
2019-10-02T05:18:43.000Z,55.276033,25.724417000000006,26,4800
2019-10-02T05:18:59.000Z,55.277017,25.725217,26,4800
2019-10-02T05:19:05.000Z,55.27735,25.725483,26,4800
2019-10-02T05:19:12.000Z,55.277617000000006,25.7257,26,4800
2019-10-02T05:19:23.000Z,55.278333,25.726283,26,4800
2019-10-02T05:19:29.000Z,55.2786,25.7265,26,4800
2019-10-02T05:19:42.000Z,55.279317000000006,25.727083,26,4800
2019-10-02T05:19:48.000Z,55.279583,25.7273,26,4800
2019-10-02T05:19:53.000Z,55.27991700000001,25.727567,26,4800
2019-10-02T05:20:26.000Z,55.280633,25.728133,26,4800
2019-10-02T05:20:53.000Z,55.283183,25.730217,26,4700
2019-10-02T05:21:05.000Z,55.283883,25.7308,26,4700
2019-10-02T05:21:12.000Z,55.28421700000001,25.731067000000003,26,4700
2019-10-02T05:21:17.000Z,55.284383,25.7312,26,4700
2019-10-02T05:21:41.000Z,55.2858,25.73235,26,4800
2019-10-02T05:21:49.000Z,55.286167000000006,25.73265,26,4800
2019-10-02T05:22:05.000Z,55.28676700000001,25.73315,26,4800
2019-10-02T05:22:12.000Z,55.287383,25.733633,26,4800
2019-10-02T05:22:26.000Z,55.28808299999999,25.7342,26,4800
2019-10-02T05:22:42.000Z,55.289067,25.735,26,4800
2019-10-02T05:22:53.000Z,55.28961700000001,25.735433,26,4800
2019-10-02T05:23:13.000Z,55.290767,25.73635,26,4800
2019-10-02T05:23:17.000Z,55.29108299999999,25.736617000000006,26,4800
2019-10-02T05:23:32.000Z,55.291367,25.736833,26,4800
2019-10-02T05:23:47.000Z,55.292667,25.7379,26,4800
2019-10-02T05:24:03.000Z,55.29305,25.738217,26,4800
2019-10-02T05:24:13.000Z,55.293983,25.739017,26,4800
2019-10-02T05:24:33.000Z,55.294983,25.739783,26,4800
2019-10-02T05:24:41.000Z,55.295633,25.740317,26,4800
2019-10-02T05:25:06.000Z,55.296183,25.74075,26,4700
2019-10-02T05:25:39.000Z,55.29855,25.742767,26,4700
2019-10-02T05:25:48.000Z,55.2992,25.743267000000003,26,4700
2019-10-02T05:26:02.000Z,55.299533,25.743533,26,4700
2019-10-02T05:26:12.000Z,55.3005,25.744317,26,4700
2019-10-02T05:26:17.000Z,55.300833,25.744583,26,4700
2019-10-02T05:26:28.000Z,55.301217,25.7449,26,4700
2019-10-02T05:26:36.000Z,55.301483,25.745117,26,4700
2019-10-02T05:26:48.000Z,55.30245,25.745917,26,4700
2019-10-02T05:26:53.000Z,55.302783,25.746183,26,4700
2019-10-02T05:27:11.000Z,55.3037,25.746933,26,4700
2019-10-02T05:27:17.000Z,55.30396700000001,25.747167,26,4700
2019-10-02T05:27:26.000Z,55.30445,25.747567,26,4700
2019-10-02T05:27:40.000Z,55.305033,25.74805,26,4700
2019-10-02T05:27:48.000Z,55.305733,25.748633,26,4700
2019-10-02T05:28:05.000Z,55.306717000000006,25.749433,26,4700
2019-10-02T05:28:11.000Z,55.306933,25.749617,26,4700
2019-10-02T05:28:18.000Z,55.3073,25.749933,26,4700
2019-10-02T05:28:29.000Z,55.308,25.750517,26,4700
2019-10-02T05:28:47.000Z,55.308283,25.750733,26,4700
2019-10-02T05:29:15.000Z,55.309567,25.7518,26,4700
2019-10-02T05:29:46.000Z,55.311233,25.7532,26,4700
2019-10-02T05:30:24.000Z,55.314067,25.755583,26,4700
2019-10-02T05:30:36.000Z,55.314717,25.756133,26,4700
2019-10-02T05:30:41.000Z,55.31503299999999,25.7564,26,4700
2019-10-02T05:30:48.000Z,55.315417,25.756717,26,4700
2019-10-02T05:31:03.000Z,55.31568299999999,25.756933,26,4700
2019-10-02T05:31:18.000Z,55.31701700000001,25.75805,26,4700
2019-10-02T05:31:32.000Z,55.31766700000001,25.758583,26,4700
2019-10-02T05:31:36.000Z,55.31800000000001,25.758833,26,4700
2019-10-02T05:31:41.000Z,55.31826700000001,25.759067,26,4800
2019-10-02T05:31:48.000Z,55.3186,25.759317000000006,26,4800
2019-10-02T05:32:16.000Z,55.319233,25.75985,26,4800
2019-10-02T05:32:46.000Z,55.32123299999999,25.7615,26,4700
2019-10-02T05:33:17.000Z,55.323117,25.763067000000003,26,4700
2019-10-02T05:33:24.000Z,55.32375,25.7636,26,4700
2019-10-02T05:33:30.000Z,55.324083,25.763867,26,4700
2019-10-02T05:34:04.000Z,55.325683,25.7652,26,4700
2019-10-02T05:34:26.000Z,55.32701700000001,25.766317,26,4700
2019-10-02T05:34:30.000Z,55.3273,25.76655,26,4700
2019-10-02T05:34:36.000Z,55.32766700000001,25.76685,26,4700
2019-10-02T05:34:42.000Z,55.327983,25.767133,26,4700
2019-10-02T05:35:03.000Z,55.32825,25.76735,26,4700
2019-10-02T05:35:29.000Z,55.33025,25.769,26,4700
2019-10-02T05:35:45.000Z,55.330733,25.7694,26,4700
2019-10-02T05:36:11.000Z,55.3325,25.770883,26,4700
2019-10-02T05:36:24.000Z,55.33346700000001,25.771683,26,4700
2019-10-02T05:36:38.000Z,55.333733,25.771917,26,4700
2019-10-02T05:36:48.000Z,55.3347,25.772717,26,4700
2019-10-02T05:36:53.000Z,55.33501700000001,25.773000000000003,26,4700
2019-10-02T05:37:12.000Z,55.335617000000006,25.773483,26,4700
2019-10-02T05:37:24.000Z,55.336683,25.774383,26,4700
2019-10-02T05:37:32.000Z,55.33695,25.774617000000006,26,4700
2019-10-02T05:37:51.000Z,55.337917,25.775417,26,4700
2019-10-02T05:38:00.000Z,55.33855,25.77595,26,4700
2019-10-02T05:38:06.000Z,55.338933,25.77625,26,4700
2019-10-02T05:38:12.000Z,55.33925,25.776517,26,4700
2019-10-02T05:38:30.000Z,55.340217,25.777317,26,4700
2019-10-02T05:38:36.000Z,55.340383,25.77745,26,4700
2019-10-02T05:38:56.000Z,55.340817,25.777817,26,4700
2019-10-02T05:39:29.000Z,55.34275,25.7794,26,4700
2019-10-02T05:40:02.000Z,55.344667,25.781,26,4700
2019-10-02T05:40:13.000Z,55.345683,25.78185,26,4700
2019-10-02T05:40:17.000Z,55.34595,25.782067,26,4700
2019-10-02T05:40:34.000Z,55.34626700000001,25.782333,26,4700
2019-10-02T05:40:49.000Z,55.3476,25.78345,26,4700
2019-10-02T05:41:05.000Z,55.348517,25.784183,26,4700
2019-10-02T05:41:12.000Z,55.348883,25.784483,26,4700
2019-10-02T05:41:18.000Z,55.3492,25.78475,26,4700
2019-10-02T05:41:24.000Z,55.349467,25.784967,26,4700
2019-10-02T05:41:30.000Z,55.34985,25.785283,26,4700
2019-10-02T05:41:44.000Z,55.350747,25.786027,26,4700
2019-10-02T05:42:01.000Z,55.3514,25.786567,26,4700
2019-10-02T05:42:06.000Z,55.351667000000006,25.786783,26,4700
2019-10-02T05:42:12.000Z,55.35205,25.787133,26,4700
2019-10-02T05:42:26.000Z,55.352683,25.787617,26,4700
2019-10-02T05:42:30.000Z,55.353,25.787883,26,4700
2019-10-02T05:42:36.000Z,55.353383,25.7882,26,4700
2019-10-02T05:42:43.000Z,55.35365,25.788433,26,4700
2019-10-02T05:42:53.000Z,55.354283,25.789,26,4700
2019-10-02T05:42:58.000Z,55.354587,25.7892,26,4700
2019-10-02T05:43:10.000Z,55.355227,25.789733,26,4700
2019-10-02T05:43:18.000Z,55.355617,25.790067,25,4700
2019-10-02T05:43:32.000Z,55.35593299999999,25.790333,25,4700
2019-10-02T05:43:39.000Z,55.35658299999999,25.790867,25,4700
2019-10-02T05:43:47.000Z,55.357167,25.79135,25,4700
2019-10-02T05:43:54.000Z,55.357483,25.791617,25,4700
2019-10-02T05:43:59.000Z,55.35786700000001,25.791917,25,4700
2019-10-02T05:44:05.000Z,55.35808299999999,25.7921,25,4700
2019-10-02T05:44:18.000Z,55.358817,25.792717,25,4700
2019-10-02T05:44:24.000Z,55.35913299999999,25.792983,25,4700
2019-10-02T05:44:31.000Z,55.3594,25.7932,25,4700
2019-10-02T05:44:45.000Z,55.359733,25.793467,25,4700
2019-10-02T05:45:00.000Z,55.36106700000001,25.794567,25,4700
2019-10-02T05:45:06.000Z,55.361383,25.794833,25,4700
2019-10-02T05:45:12.000Z,55.36165,25.79505,25,4700
2019-10-02T05:45:18.000Z,55.36196700000001,25.795317,25,4700
2019-10-02T05:45:33.000Z,55.36233299999999,25.795633,25,4700
2019-10-02T05:45:47.000Z,55.363567,25.79665,25,4700
2019-10-02T05:46:06.000Z,55.3639,25.796917,26,4700
2019-10-02T05:46:13.000Z,55.36426700000001,25.797217,26,4700
2019-10-02T05:46:41.000Z,55.36615,25.79875,26,4800
2019-10-02T05:46:49.000Z,55.3668,25.799283,26,4800
2019-10-02T05:46:53.000Z,55.36711700000001,25.79955,26,4700
2019-10-02T05:47:06.000Z,55.367717000000006,25.800033,26,4800
2019-10-02T05:47:23.000Z,55.36875,25.800883,26,4800
2019-10-02T05:47:36.000Z,55.3694,25.801417,26,4800
2019-10-02T05:47:43.000Z,55.369733,25.801683,26,4800
2019-10-02T05:47:50.000Z,55.3701,25.802,26,4800
2019-10-02T05:48:05.000Z,55.371017,25.8028,26,4800
2019-10-02T05:48:13.000Z,55.3714,25.80305,26,4800
2019-10-02T05:48:33.000Z,55.37256,25.804027,26,4800
2019-10-02T05:48:42.000Z,55.372967,25.804333,26,4800
2019-10-02T05:48:48.000Z,55.373183,25.804517,26,4800
2019-10-02T05:48:54.000Z,55.373617,25.804867,26,4800
2019-10-02T05:49:00.000Z,55.37395,25.805117000000006,26,4800
2019-10-02T05:49:06.000Z,55.374267,25.805383,26,4800
2019-10-02T05:49:18.000Z,55.37498299999999,25.80595,26,4800
2019-10-02T05:49:24.000Z,55.37525,25.806167,26,4800
2019-10-02T05:49:31.000Z,55.37563299999999,25.806483,26,4800
2019-10-02T05:49:36.000Z,55.37595,25.80675,26,4800
2019-10-02T05:49:43.000Z,55.376217,25.806967,26,4800
2019-10-02T05:49:47.000Z,55.37655,25.807233,26,4800
2019-10-02T05:50:02.000Z,55.376933,25.807533,26,4800
2019-10-02T05:50:13.000Z,55.3779,25.808317,26,4800
2019-10-02T05:50:18.000Z,55.37821700000001,25.808583,26,4800
2019-10-02T05:50:41.000Z,55.379083,25.8093,26,4800
2019-10-02T05:50:49.000Z,55.3798,25.809867,26,4800
2019-10-02T05:50:54.000Z,55.38016700000001,25.810167,26,4800
2019-10-02T05:51:15.000Z,55.38076700000001,25.81065,26,4800
2019-10-02T05:51:23.000Z,55.381467,25.811217000000006,26,4800
2019-10-02T05:51:31.000Z,55.382067000000006,25.8117,26,4800
2019-10-02T05:51:36.000Z,55.38235,25.811917,26,4800
2019-10-02T05:51:43.000Z,55.38271700000001,25.812233,26,4800
2019-10-02T05:51:48.000Z,55.38305,25.8125,26,4800
2019-10-02T05:52:01.000Z,55.383433,25.8128,26,4800
2019-10-02T05:52:15.000Z,55.383583,25.812933,26,4800
2019-10-02T05:52:42.000Z,55.385933,25.814883,26,4700
2019-10-02T05:53:06.000Z,55.387283,25.815983,26,4700
2019-10-02T05:53:13.000Z,55.38755,25.8162,26,4700
2019-10-02T05:53:17.000Z,55.387917,25.816517,26,4700
2019-10-02T05:53:23.000Z,55.38825,25.816783,26,4700
2019-10-02T05:53:46.000Z,55.389217,25.817567,26,4800
2019-10-02T05:53:49.000Z,55.3895,25.817783,26,4800
2019-10-02T05:53:54.000Z,55.389817,25.81805,26,4800
2019-10-02T05:54:05.000Z,55.39041700000001,25.818533,26,4800
2019-10-02T05:54:30.000Z,55.391767,25.819633,26,4800
2019-10-02T05:54:36.000Z,55.3921,25.8199,26,4800
2019-10-02T05:54:42.000Z,55.392483,25.8202,26,4800
2019-10-02T05:54:49.000Z,55.39275,25.820417000000006,26,4800
2019-10-02T05:54:54.000Z,55.393083,25.820683,26,4800
2019-10-02T05:55:07.000Z,55.393467,25.820983,26,4800
2019-10-02T05:55:17.000Z,55.394383,25.821733,26,4800
2019-10-02T05:55:31.000Z,55.394983,25.822217,26,4800
2019-10-02T05:55:36.000Z,55.39525,25.822433,26,4800
2019-10-02T05:55:43.000Z,55.39575,25.822817,26,4800
2019-10-02T05:55:51.000Z,55.396033,25.823033,26,4900
2019-10-02T05:55:57.000Z,55.39636700000001,25.8233,26,4900
2019-10-02T05:56:04.000Z,55.396683,25.82355,26,4900
2019-10-02T05:56:14.000Z,55.397417,25.8241,26,4900
2019-10-02T05:56:17.000Z,55.3977,25.824317,26,4900
2019-10-02T05:56:23.000Z,55.39808299999999,25.8246,26,4900
2019-10-02T05:56:29.000Z,55.398417,25.82485,26,4900
2019-10-02T05:56:36.000Z,55.3987,25.825067,26,5000
2019-10-02T05:56:51.000Z,55.399083,25.825367,26,5000
2019-10-02T05:57:01.000Z,55.39936700000001,25.825567000000003,26,5000
2019-10-02T05:57:10.000Z,55.40005,25.826083,26,5000
2019-10-02T05:57:25.000Z,55.40128299999999,25.827,26,5000
2019-10-02T05:57:29.000Z,55.401667,25.827283,26,5000
2019-10-02T05:57:35.000Z,55.402067,25.827583,26,5000
2019-10-02T05:57:42.000Z,55.4024,25.827833,26,5000
2019-10-02T05:58:01.000Z,55.4028,25.828117,26,5100
2019-10-02T05:58:18.000Z,55.40445,25.829333,26,5100
2019-10-02T05:58:35.000Z,55.405467,25.830083,26,5100
2019-10-02T05:58:53.000Z,55.406483,25.830817,26,5100
2019-10-02T05:59:01.000Z,55.406817,25.831067,26,5100
2019-10-02T05:59:07.000Z,55.40715,25.831317,26,5100
2019-10-02T05:59:13.000Z,55.407433,25.831533,26,5100
2019-10-02T05:59:18.000Z,55.407783,25.831767000000006,26,5100
2019-10-02T05:59:29.000Z,55.40856700000001,25.83235,26,5100
2019-10-02T05:59:42.000Z,55.40885,25.832567,26,5100
2019-10-02T05:59:49.000Z,55.409533,25.83305,26,5100
2019-10-02T05:59:53.000Z,55.40991700000001,25.83335,26,5100
2019-10-02T06:00:01.000Z,55.4102,25.83355,26,5100
2019-10-02T06:00:08.000Z,55.41055,25.8338,26,5100
2019-10-02T06:00:20.000Z,55.41076700000001,25.834017000000006,26,5100
2019-10-02T06:00:44.000Z,55.412583,25.8353,26,5100
2019-10-02T06:00:48.000Z,55.41291700000001,25.83555,26,5100
2019-10-02T06:01:05.000Z,55.413883,25.83625,26,5100
2019-10-02T06:01:12.000Z,55.414267,25.836533,26,5100
2019-10-02T06:01:29.000Z,55.414667,25.836817,26,5100
2019-10-02T06:01:50.000Z,55.416333,25.83805,26,5100
2019-10-02T06:01:54.000Z,55.416667,25.838283,26,5100
2019-10-02T06:02:01.000Z,55.417067,25.838583,26,5100
2019-10-02T06:02:08.000Z,55.41741700000001,25.838817,26,5100
2019-10-02T06:02:19.000Z,55.41758299999999,25.83895,26,5100
2019-10-02T06:02:24.000Z,55.417917,25.8392,26,5100
2019-10-02T06:02:36.000Z,55.41905,25.840017,26,5100
2019-10-02T06:02:41.000Z,55.41945,25.8403,26,5100
2019-10-02T06:02:49.000Z,55.419733,25.8405,26,5100
2019-10-02T06:02:55.000Z,55.420083,25.84075,26,5100
2019-10-02T06:03:01.000Z,55.42041700000001,25.841033,26,5100
2019-10-02T06:03:05.000Z,55.42081700000001,25.841283,26,5100
2019-10-02T06:03:23.000Z,55.42143299999999,25.841733,26,5100
2019-10-02T06:03:37.000Z,55.42245,25.842467000000006,26,5100
2019-10-02T06:03:42.000Z,55.422683,25.842633,26,5100
2019-10-02T06:03:49.000Z,55.423183,25.843000000000004,26,5100
2019-10-02T06:03:55.000Z,55.423467,25.843217000000006,26,5100
2019-10-02T06:04:03.000Z,55.4237,25.843367,26,5100
2019-10-02T06:04:11.000Z,55.4242,25.84375,26,5100
2019-10-02T06:04:16.000Z,55.42443299999999,25.8439,26,5100
2019-10-02T06:04:24.000Z,55.42505,25.84435,26,5100
2019-10-02T06:04:31.000Z,55.425567,25.844733,26,5100
2019-10-02T06:04:37.000Z,55.42585,25.844933,26,5100
2019-10-02T06:04:43.000Z,55.426183,25.845183,26,5100
2019-10-02T06:04:51.000Z,55.426583,25.845467000000006,26,5100
2019-10-02T06:04:59.000Z,55.4272,25.845917,26,5100
2019-10-02T06:05:14.000Z,55.4276,25.8462,26,5100
2019-10-02T06:05:23.000Z,55.42845,25.846817,26,5100
2019-10-02T06:05:30.000Z,55.42885,25.8471,26,5100
2019-10-02T06:05:37.000Z,55.42925,25.847383,26,5100
2019-10-02T06:05:41.000Z,55.429467,25.84755,26,5100
2019-10-02T06:05:52.000Z,55.42998299999999,25.847917,26,5200
2019-10-02T06:05:58.000Z,55.43026700000001,25.848117,26,5200
2019-10-02T06:06:07.000Z,55.43061700000001,25.84835,25,5200
2019-10-02T06:06:18.000Z,55.43165,25.849067,26,5200
2019-10-02T06:06:24.000Z,55.431983,25.849317000000006,26,5200
2019-10-02T06:06:31.000Z,55.4324,25.849583,26,5200
2019-10-02T06:06:37.000Z,55.432683,25.849783,26,5200
2019-10-02T06:06:44.000Z,55.433033,25.850033,26,5200
2019-10-02T06:06:53.000Z,55.43366700000001,25.850467,26,5200
2019-10-02T06:07:18.000Z,55.435033,25.851417,26,5200
2019-10-02T06:07:24.000Z,55.43533299999999,25.851617,26,5200
2019-10-02T06:07:30.000Z,55.435683,25.85185,26,5300
2019-10-02T06:07:36.000Z,55.4362,25.8522,26,5300
2019-10-02T06:07:50.000Z,55.436483,25.8524,26,5300
2019-10-02T06:07:57.000Z,55.43683299999999,25.852633,26,5300
2019-10-02T06:08:02.000Z,55.43725,25.852917,26,5300
2019-10-02T06:08:10.000Z,55.437883,25.85335,26,5300
2019-10-02T06:08:18.000Z,55.438633,25.85385,26,5300
2019-10-02T06:08:23.000Z,55.438933,25.85405,26,5300
2019-10-02T06:08:30.000Z,55.439283,25.854283,26,5300
2019-10-02T06:08:39.000Z,55.439683,25.85455,26,5300
2019-10-02T06:08:42.000Z,55.439983,25.85475,26,5300
2019-10-02T06:09:05.000Z,55.440333,25.854983,26,5300
2019-10-02T06:09:31.000Z,55.442783,25.856617,26,5300
2019-10-02T06:09:42.000Z,55.4432,25.856883,26,5300
2019-10-02T06:09:46.000Z,55.44355,25.857117,26,5300
2019-10-02T06:09:52.000Z,55.443833,25.857317,26,5300
2019-10-02T06:09:56.000Z,55.444183,25.857533,26,5400
2019-10-02T06:10:00.000Z,55.4446,25.857817,26,5400
2019-10-02T06:10:06.000Z,55.44495,25.85805,26,5400
2019-10-02T06:10:12.000Z,55.44525,25.858233,26,5400
2019-10-02T06:10:17.000Z,55.44566700000001,25.8585,26,5400
2019-10-02T06:10:23.000Z,55.4459,25.85865,26,5400
2019-10-02T06:10:31.000Z,55.44631700000001,25.858917,26,5400
2019-10-02T06:10:42.000Z,55.447083,25.859417,26,5400
2019-10-02T06:10:48.000Z,55.44736700000001,25.859617,26,5400
2019-10-02T06:11:00.000Z,55.44815,25.8601,26,5400
2019-10-02T06:11:07.000Z,55.4485,25.860333,26,5400
2019-10-02T06:11:11.000Z,55.448733,25.860483,26,5500
2019-10-02T06:11:17.000Z,55.44915,25.86075,26,5500
2019-10-02T06:11:23.000Z,55.449567,25.861,26,5500
2019-10-02T06:11:29.000Z,55.44986700000001,25.861167,26,5500
2019-10-02T06:11:40.000Z,55.450217,25.861383,26,5500
2019-10-02T06:11:47.000Z,55.45065,25.86165,26,5500
2019-10-02T06:11:53.000Z,55.45095,25.861833,26,5600
2019-10-02T06:12:00.000Z,55.45166700000001,25.862267000000006,26,5600
2019-10-02T06:12:07.000Z,55.4521,25.862517,26,5600
2019-10-02T06:12:12.000Z,55.452333,25.862667,26,5600
2019-10-02T06:12:17.000Z,55.452767,25.862917000000003,26,5600
2019-10-02T06:12:26.000Z,55.453,25.8631,26,5600
2019-10-02T06:12:31.000Z,55.45355,25.8634,26,5600
2019-10-02T06:12:39.000Z,55.45385,25.863583,26,5600
2019-10-02T06:12:49.000Z,55.45421700000001,25.8638,26,5600
2019-10-02T06:12:53.000Z,55.45458299999999,25.864017,26,5600
2019-10-02T06:13:01.000Z,55.455317,25.86445,26,5600
2019-10-02T06:13:05.000Z,55.455733,25.8647,26,5600
2019-10-02T06:13:11.000Z,55.4561,25.864933,26,5600
2019-10-02T06:13:18.000Z,55.4564,25.8651,26,5600
2019-10-02T06:13:23.000Z,55.456767000000006,25.865333,26,5600
2019-10-02T06:13:29.000Z,55.45718299999999,25.865583,26,5600
2019-10-02T06:13:38.000Z,55.457483,25.865767,26,5600
2019-10-02T06:13:47.000Z,55.458267000000006,25.866233,26,5600
2019-10-02T06:13:53.000Z,55.458567,25.866417,26,5600
2019-10-02T06:13:59.000Z,55.458933,25.86665,26,5600
2019-10-02T06:14:05.000Z,55.459183,25.866783,26,5600
2019-10-02T06:14:11.000Z,55.4596,25.86705,26,5600
2019-10-02T06:14:17.000Z,55.46001700000001,25.8673,26,5600
2019-10-02T06:14:23.000Z,55.46025,25.86745,26,5600
2019-10-02T06:14:31.000Z,55.4608,25.867783,26,5600
2019-10-02T06:14:35.000Z,55.4611,25.867967,26,5600
2019-10-02T06:14:44.000Z,55.461467000000006,25.868183,26,5600
2019-10-02T06:14:48.000Z,55.46188299999999,25.86845,26,5600
2019-10-02T06:14:54.000Z,55.462183,25.868633,26,5600
2019-10-02T06:14:59.000Z,55.46255,25.86885,26,5600
2019-10-02T06:15:05.000Z,55.4629,25.869083,26,5500
2019-10-02T06:15:11.000Z,55.463317,25.86935,26,5500
2019-10-02T06:15:20.000Z,55.463683,25.869567,26,5500
2019-10-02T06:15:23.000Z,55.46386700000001,25.869683,26,5500
2019-10-02T06:15:31.000Z,55.4644,25.870017,26,5500
