timestamp,longitude,latitude,speed,direction
2019-11-01T14:12:17.000Z,107.608908,10.243018,3,13510
2019-11-01T14:13:56.000Z,107.60921299999998,10.242033,4,18910
2019-11-01T14:15:08.000Z,107.60896,10.241327,5,20350
2019-11-01T14:16:16.000Z,107.608362,10.240423,6,21910
2019-11-01T14:17:06.000Z,107.607632,10.239488,8,21390
2019-11-01T14:17:33.000Z,107.607367,10.239112,9,21620
2019-11-01T14:17:44.000Z,107.607222,10.238958,9,22120
2019-11-01T14:19:13.000Z,107.60506,10.237635,12,24210
2019-11-01T14:20:33.000Z,107.602677,10.236423,14,24260
2019-11-01T14:21:12.000Z,107.601683,10.235877,15,24040
2019-11-01T14:25:03.000Z,107.591345,10.234333,19,26550
2019-11-01T14:25:16.000Z,107.59085,10.23429,19,26540
2019-11-01T14:26:47.000Z,107.586327,10.233943,20,26640
2019-11-01T14:29:26.000Z,107.577503,10.233422,22,26610
2019-11-01T14:30:24.000Z,107.57411299999998,10.233168,22,26570
2019-11-01T14:31:03.000Z,107.572337,10.233023,22,26520
2019-11-01T14:31:56.000Z,107.56886000000002,10.23278,22,26600
2019-11-01T14:33:13.000Z,107.564112,10.232485,23,26580
2019-11-01T14:37:36.000Z,107.54712,10.231333,26,26590
2019-11-01T14:38:06.000Z,107.545697,10.231258,26,26650
2019-11-01T14:38:14.000Z,107.5453,10.231228,26,26630
2019-11-01T14:38:31.000Z,107.54456299999998,10.231177,26,26660
2019-11-01T14:41:41.000Z,107.53137,10.230397,27,26560
2019-11-01T14:44:11.000Z,107.520952,10.229738,27,26560
2019-11-01T14:44:35.000Z,107.519702,10.229628,27,26500
2019-11-01T14:45:58.000Z,107.513533,10.229033,27,26480
2019-11-01T14:46:58.000Z,107.509355,10.228637,27,26420
2019-11-01T14:47:14.000Z,107.50847,10.228542,27,26410
2019-11-01T14:47:59.000Z,107.504335,10.228135,27,26400
2019-11-01T14:48:09.000Z,107.503925,10.228092,27,26380
2019-11-01T14:48:49.000Z,107.501838,10.227873,27,26430
2019-11-01T14:49:03.000Z,107.501077,10.227807,27,26490
2019-11-01T14:49:33.000Z,107.498155,10.227568,27,26530
2019-11-01T14:49:49.000Z,107.497235,10.227498,27,26530
2019-11-01T14:49:56.000Z,107.496885,10.227468,27,26520
2019-11-01T14:50:13.000Z,107.495983,10.227392,27,26520
2019-11-01T14:50:44.000Z,107.49308,10.227132,27,26450
2019-11-01T14:51:28.000Z,107.490582,10.226872,27,26430
2019-11-01T14:51:43.000Z,107.489827,10.2268,27,26430
2019-11-01T14:52:22.000Z,107.48645,10.226465,27,26410
2019-11-01T14:52:36.000Z,107.48568799999998,10.22639,27,26380
2019-11-01T14:52:46.000Z,107.485202,10.226343,27,26390
2019-11-01T14:52:55.000Z,107.484787,10.226303,27,26410
2019-11-01T14:53:52.000Z,107.480605,10.226,27,26660
2019-11-01T14:54:24.000Z,107.478925,10.225893,27,26610
2019-11-01T14:55:10.000Z,107.474753,10.225598,27,26550
2019-11-01T14:55:19.000Z,107.47433999999998,10.225568,27,26550
2019-11-01T14:55:27.000Z,107.473918,10.225537,27,26540
2019-11-01T14:55:52.000Z,107.472647,10.225438,27,26570
2019-11-01T14:56:00.000Z,107.472225,10.225412,27,26570
2019-11-01T14:56:43.000Z,107.468457,10.225143,27,26640
2019-11-01T14:56:50.000Z,107.468043,10.225113,27,26630
2019-11-01T14:57:12.000Z,107.466803,10.225017,27,26590
2019-11-01T14:57:27.000Z,107.465952,10.224962,27,26570
2019-11-01T14:59:29.000Z,107.456853,10.224262,27,26540
2019-11-01T14:59:55.000Z,107.455522,10.224155,27,26540
2019-11-01T15:00:11.000Z,107.454683,10.224087,27,26530
2019-11-01T15:00:49.000Z,107.451373,10.22382,27,26550
2019-11-01T15:01:12.000Z,107.450127,10.223722,27,26540
2019-11-01T15:01:19.000Z,107.449717,10.22369,27,26540
2019-11-01T15:01:26.000Z,107.4493,10.223655,27,26540
2019-11-01T15:01:39.000Z,107.44853700000002,10.22359,27,26520
2019-11-01T15:02:03.000Z,107.44596,10.223382,27,26520
2019-11-01T15:02:38.000Z,107.444288,10.223268,27,26560
2019-11-01T15:02:56.000Z,107.442223,10.223107,27,26600
2019-11-01T15:03:10.000Z,107.441382,10.223063,27,26640
2019-11-01T15:04:36.000Z,107.435527,10.22276,27,26750
2019-11-01T15:04:53.000Z,107.434695,10.222725,27,26730
2019-11-01T15:05:56.000Z,107.430117,10.222525,27,26710
2019-11-01T15:06:20.000Z,107.428873,10.222463,27,26710
2019-11-01T15:06:47.000Z,107.425943,10.222313,27,26730
2019-11-01T15:06:57.000Z,107.425527,10.222295,27,26740
2019-11-01T15:07:15.000Z,107.424278,10.222233,27,26750
2019-11-01T15:07:38.000Z,107.423047,10.222177,27,26730
2019-11-01T15:08:03.000Z,107.421787,10.222127,27,26720
2019-11-01T15:08:12.000Z,107.421367,10.222107,27,26710
2019-11-01T15:09:25.000Z,107.415948,10.221835,27,26700
2019-11-01T15:09:52.000Z,107.413042,10.221697,27,26730
2019-11-01T15:10:14.000Z,107.41178,10.221637,27,26760
2019-11-01T15:10:47.000Z,107.410187,10.22158,27,26750
2019-11-01T15:11:38.000Z,107.406038,10.221372,27,26690
2019-11-01T15:11:54.000Z,107.405138,10.221317,27,26670
2019-11-01T15:12:17.000Z,107.403957,10.221263,27,26710
2019-11-01T15:12:26.000Z,107.403472,10.221245,27,26730
2019-11-01T15:12:32.000Z,107.403055,10.221228,27,26730
2019-11-01T15:12:50.000Z,107.400975,10.22113,27,26720
2019-11-01T15:13:07.000Z,107.400142,10.221085,27,26700
2019-11-01T15:13:28.000Z,107.398895,10.221038,27,26710
2019-11-01T15:14:05.000Z,107.396827,10.22092,27,26680
2019-11-01T15:14:33.000Z,107.393895,10.220763,27,26730
2019-11-01T15:14:57.000Z,107.392643,10.220717,27,26780
2019-11-01T15:15:47.000Z,107.388462,10.220527,27,26720
2019-11-01T15:16:02.000Z,107.387633,10.220485,27,26690
2019-11-01T15:16:33.000Z,107.385963,10.220403,27,26700
2019-11-01T15:16:41.000Z,107.385547,10.220387,27,26710
2019-11-01T15:17:30.000Z,107.381398,10.220177,27,26720
2019-11-01T15:18:10.000Z,107.378895,10.220075,27,26750
2019-11-01T15:18:35.000Z,107.37722,10.220002,27,26730
2019-11-01T15:18:55.000Z,107.37604,10.219947,27,26760
2019-11-01T15:19:14.000Z,107.374705,10.219892,27,26760
2019-11-01T15:19:21.000Z,107.374282,10.219872,27,26740
2019-11-01T15:19:37.000Z,107.37303500000002,10.21983,27,26730
2019-11-01T15:19:56.000Z,107.371852,10.219765,27,26690
2019-11-01T15:20:17.000Z,107.370533,10.219707,27,26730
2019-11-01T15:21:00.000Z,107.36768700000002,10.219562,27,26740
2019-11-01T15:21:29.000Z,107.364682,10.219437,27,26740
2019-11-01T15:21:47.000Z,107.363485,10.219382,27,26720
2019-11-01T15:22:08.000Z,107.362177,10.219318,27,26720
2019-11-01T15:22:53.000Z,107.359317,10.219178,27,26710
2019-11-01T15:23:00.000Z,107.358835,10.219153,27,26710
2019-11-01T15:23:07.000Z,107.35841299999998,10.219133,27,26730
2019-11-01T15:23:15.000Z,107.357995,10.21911,27,26710
2019-11-01T15:23:36.000Z,107.35633500000002,10.219037,27,26720
2019-11-01T15:24:21.000Z,107.353413,10.218893,27,26730
2019-11-01T15:24:27.000Z,107.352992,10.218872,27,26710
2019-11-01T15:25:11.000Z,107.349225,10.2187,27,26750
2019-11-01T15:25:50.000Z,107.346705,10.2186,27,26760
2019-11-01T15:26:28.000Z,107.344167,10.218513,27,26750
2019-11-01T15:26:43.000Z,107.343328,10.218485,27,26750
2019-11-01T15:26:57.000Z,107.342508,10.218438,27,26750
2019-11-01T15:27:31.000Z,107.340015,10.218305,27,26700
2019-11-01T15:27:36.000Z,107.339595,10.218288,27,26720
2019-11-01T15:27:53.000Z,107.338347,10.21823,27,26720
2019-11-01T15:28:06.000Z,107.337505,10.21819,27,26720
2019-11-01T15:29:08.000Z,107.333327,10.218002,27,26770
2019-11-01T15:29:27.000Z,107.332053,10.217948,27,26730
2019-11-01T15:29:42.000Z,107.330785,10.21789,27,26720
2019-11-01T15:29:48.000Z,107.330362,10.217873,27,26730
2019-11-01T15:29:54.000Z,107.32994,10.217853,27,26700
2019-11-01T15:30:07.000Z,107.329102,10.217807,27,26690
2019-11-01T15:30:25.000Z,107.327847,10.21775,27,26710
2019-11-01T15:30:39.000Z,107.327007,10.217707,27,26690
2019-11-01T15:30:45.000Z,107.326588,10.217678,27,26670
2019-11-01T15:30:51.000Z,107.326173,10.217655,27,26660
2019-11-01T15:30:58.000Z,107.325757,10.217632,27,26690
2019-11-01T15:31:10.000Z,107.324922,10.217588,27,26710
2019-11-01T15:31:15.000Z,107.324502,10.217567,27,26720
2019-11-01T15:31:38.000Z,107.322818,10.217497,27,26750
2019-11-01T15:31:47.000Z,107.321982,10.217467,27,26770
2019-11-01T15:31:53.000Z,107.32156299999998,10.21745,27,26750
2019-11-01T15:32:05.000Z,107.320733,10.217408,27,26720
2019-11-01T15:32:11.000Z,107.32031299999998,10.217387,27,26710
2019-11-01T15:32:24.000Z,107.319478,10.217348,27,26760
2019-11-01T15:32:49.000Z,107.317792,10.217285,27,26740
2019-11-01T15:33:09.000Z,107.316522,10.217223,27,26720
2019-11-01T15:33:15.000Z,107.316107,10.217205,27,26730
2019-11-01T15:33:28.000Z,107.31528,10.21716,27,26720
2019-11-01T15:33:54.000Z,107.313177,10.217055,27,26720
2019-11-01T15:34:07.000Z,107.312352,10.217008,27,26650
2019-11-01T15:34:25.000Z,107.3111,10.216953,27,26790
2019-11-01T15:34:51.000Z,107.309485,10.216945,27,27040
2019-11-01T15:34:59.000Z,107.30898700000002,10.216957,27,27140
2019-11-01T15:35:12.000Z,107.308155,10.217003,27,27310
2019-11-01T15:35:30.000Z,107.306897,10.217103,27,27460
2019-11-01T15:35:36.000Z,107.30648,10.217137,27,27490
2019-11-01T15:35:52.000Z,107.30523,10.217273,27,27640
2019-11-01T15:36:14.000Z,107.303982,10.217435,27,27770
2019-11-01T15:36:44.000Z,107.301055,10.217892,27,28010
2019-11-01T15:37:01.000Z,107.300225,10.21805,27,28140
2019-11-01T15:37:46.000Z,107.297808,10.218615,27,28380
2019-11-01T15:37:59.000Z,107.296923,10.218838,27,28400
2019-11-01T15:38:35.000Z,107.293702,10.219635,27,28380
2019-11-01T15:39:13.000Z,107.291643,10.22012,27,28360
2019-11-01T15:40:06.000Z,107.287503,10.221117,27,28370
2019-11-01T15:40:14.000Z,107.287023,10.221237,27,28380
2019-11-01T15:40:23.000Z,107.286607,10.221335,27,28390
2019-11-01T15:40:58.000Z,107.283407,10.222112,27,28390
2019-11-01T15:41:13.000Z,107.282512,10.222328,27,28380
2019-11-01T15:41:36.000Z,107.281278,10.222632,27,28400
2019-11-01T15:41:45.000Z,107.28086299999998,10.22273,27,28390
2019-11-01T15:41:54.000Z,107.280453,10.222828,27,28410
2019-11-01T15:42:38.000Z,107.276767,10.223758,27,28350
2019-11-01T15:43:10.000Z,107.275092,10.224118,27,28190
2019-11-01T15:43:19.000Z,107.274675,10.2242,27,28160
2019-11-01T15:44:33.000Z,107.269717,10.225,27,27890
2019-11-01T15:46:01.000Z,107.263537,10.226007,27,28000
2019-11-01T15:46:53.000Z,107.259395,10.22675,27,28000
2019-11-01T15:48:27.000Z,107.2532,10.227785,26,27980
2019-11-01T15:48:42.000Z,107.252402,10.227913,26,27970
2019-11-01T15:49:17.000Z,107.24965,10.228392,26,28000
2019-11-01T15:49:27.000Z,107.249258,10.228458,26,27960
2019-11-01T15:49:39.000Z,107.248478,10.228598,26,27990
2019-11-01T15:50:28.000Z,107.24463,10.229247,25,27990
2019-11-01T15:51:47.000Z,107.24088799999998,10.22989,24,27990
2019-11-01T15:51:52.000Z,107.240585,10.22994,24,28000
2019-11-01T15:52:39.000Z,107.237257,10.230497,23,27960
2019-11-01T15:52:46.000Z,107.236958,10.230548,23,27950
2019-11-01T15:53:40.000Z,107.233458,10.231167999999998,23,28020
2019-11-01T15:54:18.000Z,107.231862,10.23146,22,28040
2019-11-01T15:54:46.000Z,107.22951,10.231867,22,27970
2019-11-01T15:55:12.000Z,107.228515,10.232038,22,27990
2019-11-01T15:56:13.000Z,107.22461,10.232748,21,28260
2019-11-01T15:56:53.000Z,107.223042,10.233138,21,28480
2019-11-01T15:57:06.000Z,107.222578,10.233265,21,28540
2019-11-01T15:57:18.000Z,107.222123,10.233388,21,28570
2019-11-01T15:58:25.000Z,107.218508,10.234425,20,28580
2019-11-01T15:59:17.000Z,107.215483,10.23522,20,28410
2019-11-01T15:59:37.000Z,107.214448,10.235455,20,28450
2019-11-01T16:00:03.000Z,107.213382,10.235728,20,28450
2019-11-01T16:00:57.000Z,107.210365,10.236512,20,28410
2019-11-01T16:01:15.000Z,107.20941299999998,10.23675,20,28450
2019-11-01T16:01:59.000Z,107.207367,10.23728,20,28460
2019-11-01T16:02:36.000Z,107.205965,10.237652,20,28490
2019-11-01T16:03:23.000Z,107.202972,10.238438,20,28490
2019-11-01T16:04:20.000Z,107.19998,10.239232,20,28490
2019-11-01T16:05:28.000Z,107.196953,10.239962,20,28360
2019-11-01T16:05:55.000Z,107.1959,10.240222,20,28380
2019-11-01T16:06:23.000Z,107.193948,10.240717,20,28420
2019-11-01T16:06:39.000Z,107.193348,10.240872,20,28420
2019-11-01T16:07:22.000Z,107.190928,10.24148,20,28420
2019-11-01T16:07:50.000Z,107.189813,10.241765,20,28480
2019-11-01T16:08:13.000Z,107.188913,10.241998,20,28510
2019-11-01T16:08:40.000Z,107.186907,10.242513,20,28450
2019-11-01T16:09:00.000Z,107.18591,10.242765,20,28440
2019-11-01T16:10:01.000Z,107.182855,10.243552,20,28460
2019-11-01T16:10:23.000Z,107.182345,10.243683,20,28480
2019-11-01T16:10:35.000Z,107.181892,10.243803,20,28500
2019-11-01T16:11:23.000Z,107.178893,10.24459,20,28500
2019-11-01T16:11:35.000Z,107.1783,10.244752,20,28500
2019-11-01T16:11:46.000Z,107.1779,10.244865,20,28510
2019-11-01T16:12:20.000Z,107.175928,10.245413,20,28550
2019-11-01T16:12:32.000Z,107.175325,10.245582,20,28530
2019-11-01T16:12:42.000Z,107.17493,10.245688,20,28490
2019-11-01T16:13:36.000Z,107.172828,10.246223,20,28460
2019-11-01T16:14:26.000Z,107.16983,10.247002,20,28470
2019-11-01T16:14:50.000Z,107.168422,10.247352,20,28440
2019-11-01T16:15:17.000Z,107.167875,10.247495,20,28450
2019-11-01T16:15:35.000Z,107.166232,10.247907,20,28370
2019-11-01T16:15:42.000Z,107.165888,10.247992,20,28410
2019-11-01T16:15:52.000Z,107.165635,10.248057,20,28460
2019-11-01T16:16:01.000Z,107.164877,10.248258,20,28510
2019-11-01T16:16:17.000Z,107.164138,10.248468,20,28580
2019-11-01T16:16:34.000Z,107.163245,10.24873,20,28700
2019-11-01T16:17:07.000Z,107.161632,10.249262,20,28880
2019-11-01T16:17:25.000Z,107.16105,10.249462,20,28890
2019-11-01T16:17:33.000Z,107.160605,10.249605,20,28890
2019-11-01T16:17:40.000Z,107.160315,10.249705,20,28900
2019-11-01T16:17:47.000Z,107.160017,10.249803,20,28870
2019-11-01T16:17:55.000Z,107.159283,10.250043,20,28850
2019-11-01T16:18:19.000Z,107.158842,10.250188,20,28840
2019-11-01T16:18:30.000Z,107.157673,10.250563,20,28770
2019-11-01T16:18:37.000Z,107.157232,10.250702,20,28710
2019-11-01T16:18:50.000Z,107.156935,10.250792,20,28720
2019-11-01T16:18:58.000Z,107.15664,10.250877,20,28680
2019-11-01T16:19:06.000Z,107.156353,10.250965,20,28700
2019-11-01T16:19:19.000Z,107.155165,10.251317,20,28720
2019-11-01T16:19:46.000Z,107.153842,10.251737,20,28790
2019-11-01T16:19:58.000Z,107.153245,10.25192,20,28790
2019-11-01T16:20:05.000Z,107.152943,10.252017,20,28820
2019-11-01T16:20:11.000Z,107.152645,10.252112,20,28820
2019-11-01T16:20:19.000Z,107.1522,10.25226,20,28870
2019-11-01T16:20:35.000Z,107.151473,10.252503,20,28860
2019-11-01T16:20:39.000Z,107.151183,10.252605,20,28830
2019-11-01T16:20:46.000Z,107.150892,10.2527,20,28840
2019-11-01T16:20:55.000Z,107.150452,10.25284,20,28810
2019-11-01T16:21:05.000Z,107.150013,10.252983,20,28800
2019-11-01T16:21:19.000Z,107.149283,10.253215,20,28780
2019-11-01T16:21:25.000Z,107.148992,10.253305,20,28730
2019-11-01T16:21:35.000Z,107.148553,10.253443,20,28760
2019-11-01T16:21:40.000Z,107.148258,10.253532,20,28730
2019-11-01T16:21:49.000Z,107.147817,10.253672,20,28740
2019-11-01T16:22:16.000Z,107.146938,10.253938,20,28730
2019-11-01T16:22:24.000Z,107.14664,10.254027,20,28710
2019-11-01T16:22:32.000Z,107.146347,10.254118,20,28730
2019-11-01T16:22:40.000Z,107.146053,10.254207,20,28710
2019-11-01T16:22:48.000Z,107.14576,10.254295,20,28710
2019-11-01T16:23:10.000Z,107.144153,10.25479,20,28730
2019-11-01T16:23:21.000Z,107.143712,10.254925,20,28740
2019-11-01T16:23:29.000Z,107.143422,10.255015,20,28790
2019-11-01T16:23:38.000Z,107.142982,10.25515,20,28800
2019-11-01T16:23:44.000Z,107.142687,10.255237,20,28740
2019-11-01T16:23:55.000Z,107.142252,10.255365,20,28720
2019-11-01T16:24:03.000Z,107.141958,10.255455,19,28720
2019-11-01T16:24:13.000Z,107.140825,10.255818,19,28760
2019-11-01T16:24:31.000Z,107.139967,10.256085,19,28700
2019-11-01T16:24:42.000Z,107.139687,10.256168,19,28710
2019-11-01T16:24:49.000Z,107.13911,10.25634,19,28730
2019-11-01T16:25:06.000Z,107.138828,10.256422,19,28700
2019-11-01T16:25:13.000Z,107.13853799999998,10.256507,19,28700
2019-11-01T16:25:24.000Z,107.138102,10.256637,19,28700
2019-11-01T16:25:32.000Z,107.137818,10.256718,19,28680
2019-11-01T16:25:39.000Z,107.13755,10.256802,19,28700
2019-11-01T16:25:47.000Z,107.137275,10.256885,19,28720
2019-11-01T16:25:54.000Z,107.136998,10.25697,19,28710
2019-11-01T16:26:10.000Z,107.135343,10.257468,18,28700
2019-11-01T16:26:20.000Z,107.135068,10.257548,18,28680
2019-11-01T16:26:27.000Z,107.13452,10.257713,18,28630
2019-11-01T16:26:44.000Z,107.134247,10.257803,18,28740
2019-11-01T16:26:52.000Z,107.133423,10.258078,18,28860
2019-11-01T16:26:58.000Z,107.133157,10.258162,18,28800
2019-11-01T16:27:24.000Z,107.13289,10.258232,18,28620
2019-11-01T16:27:38.000Z,107.131378,10.258547,17,28100
2019-11-01T16:27:51.000Z,107.131035,10.258607,17,28010
2019-11-01T16:27:54.000Z,107.130858,10.258637,17,27990
2019-11-01T16:27:58.000Z,107.130513,10.258692,17,27980
2019-11-01T16:28:07.000Z,107.130177,10.25875,17,27990
2019-11-01T16:28:22.000Z,107.129447,10.25888,16,28030
2019-11-01T16:28:41.000Z,107.128692,10.259008,16,28040
2019-11-01T16:28:49.000Z,107.128445,10.259055,16,28070
2019-11-01T16:28:56.000Z,107.128078,10.259133,16,28090
2019-11-01T16:29:05.000Z,107.127713,10.259197,16,28030
2019-11-01T16:29:20.000Z,107.127473,10.259238,16,28020
2019-11-01T16:29:33.000Z,107.126987,10.25932,16,27960
2019-11-01T16:29:42.000Z,107.126632,10.259375,15,27990
2019-11-01T16:29:49.000Z,107.126388,10.259417,15,27990
2019-11-01T16:29:56.000Z,107.126147,10.259465,15,27990
2019-11-01T16:30:05.000Z,107.125325,10.259607,15,28000
2019-11-01T16:30:20.000Z,107.12474,10.259712,15,28030
2019-11-01T16:30:26.000Z,107.124513,10.259753,15,28000
2019-11-01T16:30:34.000Z,107.124285,10.259795,15,28010
2019-11-01T16:30:41.000Z,107.12406,10.259835,15,28020
2019-11-01T16:30:44.000Z,107.123832,10.259877,15,28000
2019-11-01T16:30:50.000Z,107.123603,10.259913,15,27980
2019-11-01T16:30:56.000Z,107.123372,10.259957,15,27990
2019-11-01T16:31:13.000Z,107.12314,10.26,15,27990
2019-11-01T16:31:20.000Z,107.12246299999998,10.260125,15,27980
2019-11-01T16:31:25.000Z,107.12224,10.260158,14,27940
2019-11-01T16:31:32.000Z,107.122023,10.26019,14,27960
2019-11-01T16:31:38.000Z,107.121803,10.260228,14,27980
2019-11-01T16:31:44.000Z,107.121572,10.260267,14,27990
2019-11-01T16:31:50.000Z,107.121348,10.260302,14,28010
2019-11-01T16:31:56.000Z,107.121123,10.26034,14,28020
2019-11-01T16:32:02.000Z,107.120902,10.260378,14,28030
2019-11-01T16:32:13.000Z,107.12068,10.260418,14,28030
2019-11-01T16:32:20.000Z,107.120243,10.2605,14,28020
2019-11-01T16:32:36.000Z,107.120028,10.260538,14,28020
2019-11-01T16:32:43.000Z,107.119813,10.260573,14,28010
2019-11-01T16:32:50.000Z,107.1196,10.260612,14,28020
2019-11-01T16:33:02.000Z,107.118743,10.260757,14,28020
2019-11-01T16:33:14.000Z,107.118317,10.260838,14,28020
2019-11-01T16:33:20.000Z,107.1181,10.260878,14,28010
2019-11-01T16:33:26.000Z,107.117888,10.26091,14,28000
2019-11-01T16:33:40.000Z,107.117468,10.260985,14,28030
2019-11-01T16:33:46.000Z,107.117258,10.261022,14,28060
2019-11-01T16:33:50.000Z,107.117047,10.261063,14,28070
2019-11-01T16:33:56.000Z,107.116833,10.261112,14,28060
2019-11-01T16:34:03.000Z,107.11662,10.261153,14,28050
2019-11-01T16:34:11.000Z,107.116295,10.261208,14,28030
2019-11-01T16:34:26.000Z,107.11577,10.261307,14,28050
2019-11-01T16:34:32.000Z,107.115558,10.26134,13,28020
2019-11-01T16:34:44.000Z,107.11514,10.26141,13,27990
2019-11-01T16:34:56.000Z,107.114725,10.261482,13,28040
2019-11-01T16:35:27.000Z,107.113687,10.261672,13,28050
2019-11-01T16:35:40.000Z,107.113373,10.261735,13,28040
2019-11-01T16:35:47.000Z,107.112963,10.261807,13,28020
2019-11-01T16:35:58.000Z,107.112755,10.26185,13,28030
2019-11-01T16:36:06.000Z,107.112557,10.261885,13,28020
2019-11-01T16:36:14.000Z,107.112042,10.261978,13,27990
2019-11-01T16:36:43.000Z,107.111598,10.262052,13,27930
2019-11-01T16:36:54.000Z,107.111293,10.262107,13,27960
2019-11-01T16:37:07.000Z,107.110198,10.262288,13,28030
2019-11-01T16:37:27.000Z,107.109565,10.262407,13,28070
2019-11-01T16:37:40.000Z,107.10926299999998,10.262463,13,28070
2019-11-01T16:38:03.000Z,107.108573,10.262595,13,28020
2019-11-01T16:38:17.000Z,107.108207,10.262655,13,27970
2019-11-01T16:38:27.000Z,107.10758,10.262757,13,27990
2019-11-01T16:39:08.000Z,107.106227,10.262957,13,27920
2019-11-01T16:39:19.000Z,107.10589,10.263013,13,27940
2019-11-01T16:39:29.000Z,107.105498,10.263075,13,27980
2019-11-01T16:39:43.000Z,107.105268,10.263122,13,28030
2019-11-01T16:39:48.000Z,107.105098,10.263155,13,28000
2019-11-01T16:40:02.000Z,107.104408,10.263272,13,27990
2019-11-01T16:40:14.000Z,107.10401,10.263342,13,27980
2019-11-01T16:40:20.000Z,107.103808,10.263378,13,28000
2019-11-01T16:40:26.000Z,107.103612,10.263413,13,27970
2019-11-01T16:40:32.000Z,107.10341499999998,10.263448,13,28000
2019-11-01T16:40:38.000Z,107.10321,10.263487,13,28010
2019-11-01T16:40:46.000Z,107.102908,10.26354,13,28020
2019-11-01T16:40:56.000Z,107.102608,10.263593,13,28040
2019-11-01T16:41:02.000Z,107.102408,10.26363,13,28030
2019-11-01T16:41:08.000Z,107.102218,10.26367,13,28050
2019-11-01T16:41:14.000Z,107.102023,10.26371,13,28000
2019-11-01T16:41:25.000Z,107.101827,10.263743,13,27990
2019-11-01T16:41:30.000Z,107.101625,10.26378,13,28000
2019-11-01T16:41:32.000Z,107.101427,10.263813,13,27970
2019-11-01T16:41:37.000Z,107.10123,10.263845,13,27970
2019-11-01T16:41:44.000Z,107.101032,10.263882,13,28000
2019-11-01T16:41:49.000Z,107.100837,10.263912,13,27950
2019-11-01T16:41:56.000Z,107.100642,10.26394,13,27970
2019-11-01T16:42:02.000Z,107.10043799999998,10.263977,13,27970
2019-11-01T16:42:14.000Z,107.10004,10.264047,13,27990
2019-11-01T16:42:33.000Z,107.099447,10.26414,13,27940
2019-11-01T16:42:38.000Z,107.099242,10.264173,13,27980
2019-11-01T16:42:49.000Z,107.09884,10.264238,13,28020
2019-11-01T16:43:02.000Z,107.098442,10.264307,13,28010
2019-11-01T16:43:08.000Z,107.098238,10.264342999999998,13,28020
2019-11-01T16:43:19.000Z,107.097947,10.264388,13,28020
2019-11-01T16:43:25.000Z,107.097755,10.26442,13,28030
2019-11-01T16:43:32.000Z,107.09756000000002,10.264453,13,28010
2019-11-01T16:43:38.000Z,107.09727,10.264512,13,28020
2019-11-01T16:43:44.000Z,107.097077,10.26455,13,28020
2019-11-01T16:43:50.000Z,107.096882,10.264585,13,28010
2019-11-01T16:43:56.000Z,107.096685,10.264617,13,28010
2019-11-01T16:44:08.000Z,107.096292,10.264685,12,27980
2019-11-01T16:44:20.000Z,107.095898,10.264753,12,27990
2019-11-01T16:44:26.000Z,107.095705,10.264783,13,27970
2019-11-01T16:44:32.000Z,107.095512,10.264815,13,27960
2019-11-01T16:44:44.000Z,107.095122,10.264877,12,27940
2019-11-01T16:44:50.000Z,107.094925,10.264905,12,27880
2019-11-01T16:44:56.000Z,107.094727,10.264938,12,27860
2019-11-01T16:45:02.000Z,107.09453,10.26497,12,27900
2019-11-01T16:45:08.000Z,107.09434,10.265,12,27920
2019-11-01T16:45:17.000Z,107.094055,10.26505,12,28000
2019-11-01T16:45:32.000Z,107.093572,10.265137,12,28020
2019-11-01T16:45:56.000Z,107.09278700000002,10.265265,12,27960
2019-11-01T16:46:02.000Z,107.092588,10.265295,12,27980
2019-11-01T16:46:14.000Z,107.092197,10.26536,12,27970
2019-11-01T16:46:20.000Z,107.091997,10.265395,12,28000
2019-11-01T16:46:26.000Z,107.091803,10.26543,12,27970
2019-11-01T16:46:41.000Z,107.091603,10.265463,12,27990
2019-11-01T16:46:50.000Z,107.091023,10.265565,12,27960
2019-11-01T16:46:56.000Z,107.090828,10.265602,12,27920
2019-11-01T16:47:02.000Z,107.09063,10.265637,12,27940
2019-11-01T16:47:11.000Z,107.090322,10.26569,12,27980
2019-11-01T16:47:20.000Z,107.09002,10.265743,12,28000
2019-11-01T16:47:26.000Z,107.089818,10.265783,12,28010
2019-11-01T16:47:32.000Z,107.089618,10.265817,12,28000
2019-11-01T16:47:40.000Z,107.089422,10.265847,12,28020
2019-11-01T16:47:44.000Z,107.089222,10.265878,12,28000
2019-11-01T16:47:49.000Z,107.089028,10.265915,12,28010
2019-11-01T16:47:56.000Z,107.08883,10.265953,12,28000
2019-11-01T16:48:02.000Z,107.088633,10.265983,12,28000
2019-11-01T16:48:09.000Z,107.088442,10.266015,12,27990
2019-11-01T16:48:14.000Z,107.088247,10.266047,12,27970
2019-11-01T16:48:20.000Z,107.08805,10.266072,12,27970
2019-11-01T16:48:26.000Z,107.087853,10.266105,12,28000
2019-11-01T16:48:35.000Z,107.087563,10.266152,12,27980
2019-11-01T16:48:41.000Z,107.087372,10.26619,12,28020
2019-11-01T16:48:49.000Z,107.087088,10.26624,12,27970
2019-11-01T16:49:02.000Z,107.086688,10.26631,12,27970
2019-11-01T16:49:12.000Z,107.086388,10.266357,12,27940
2019-11-01T16:49:20.000Z,107.086093,10.26641,12,27950
2019-11-01T16:49:26.000Z,107.085893,10.266445,12,27960
2019-11-01T16:49:32.000Z,107.085697,10.266482,12,28000
2019-11-01T16:49:38.000Z,107.0855,10.266518,12,28000
2019-11-01T16:49:44.000Z,107.085303,10.266553,12,28020
2019-11-01T16:49:56.000Z,107.084915,10.266613,12,28020
2019-11-01T16:50:13.000Z,107.084337,10.266723,12,27970
2019-11-01T16:50:20.000Z,107.084143,10.266755,12,27950
2019-11-01T16:50:26.000Z,107.08395,10.266785,12,27940
2019-11-01T16:50:52.000Z,107.083757,10.266817,12,27960
2019-11-01T16:51:02.000Z,107.082782,10.266987,12,28040
2019-11-01T16:51:14.000Z,107.082392,10.267055,12,28040
2019-11-01T16:51:20.000Z,107.082195,10.267085,12,28050
2019-11-01T16:51:29.000Z,107.081903,10.267138,12,28030
2019-11-01T16:51:38.000Z,107.081605,10.267192,12,28010
2019-11-01T16:51:43.000Z,107.08141,10.267227,12,28010
2019-11-01T16:51:49.000Z,107.081218,10.267265,12,28010
2019-11-01T16:51:56.000Z,107.081023,10.267302,12,28000
2019-11-01T16:52:02.000Z,107.080825,10.267333,12,28020
2019-11-01T16:52:08.000Z,107.080627,10.267368,12,28000
2019-11-01T16:52:20.000Z,107.080228,10.267442,12,28050
2019-11-01T16:52:27.000Z,107.080035,10.267478,12,28040
2019-11-01T16:52:36.000Z,107.079843,10.267513,12,28020
2019-11-01T16:52:38.000Z,107.079652,10.267547,12,28000
2019-11-01T16:52:44.000Z,107.079458,10.267582,12,27990
2019-11-01T16:52:57.000Z,107.079265,10.267618,12,28020
2019-11-01T16:53:02.000Z,107.078872,10.267682,12,27960
2019-11-01T16:53:08.000Z,107.078677,10.267715,12,27960
2019-11-01T16:53:26.000Z,107.078477,10.267757,12,28000
2019-11-01T16:53:34.000Z,107.07828,10.267792,12,27980
2019-11-01T16:53:41.000Z,107.0776,10.267907,12,28040
2019-11-01T16:53:47.000Z,107.077407,10.267937,12,28020
2019-11-01T16:53:59.000Z,107.077017,10.268002,12,28030
2019-11-01T16:54:08.000Z,107.07675,10.268047,12,28020
2019-11-01T16:54:14.000Z,107.076523,10.268087,12,28030
2019-11-01T16:54:25.000Z,107.076325,10.268125,12,28010
2019-11-01T16:54:36.000Z,107.076037,10.268173,12,27980
2019-11-01T16:54:41.000Z,107.07563799999998,10.268237,12,27990
2019-11-01T16:54:47.000Z,107.07544,10.26827,12,28000
2019-11-01T16:54:56.000Z,107.075145,10.268327,12,28030
2019-11-01T16:55:03.000Z,107.074948,10.268362,12,28030
2019-11-01T16:55:14.000Z,107.074555,10.26844,12,28070
2019-11-01T16:55:26.000Z,107.07416200000002,10.268523,12,28090
2019-11-01T16:55:31.000Z,107.073973,10.26856,12,28080
2019-11-01T16:55:39.000Z,107.073775,10.268593,12,28090
2019-11-01T16:55:44.000Z,107.073573,10.268632,13,28070
2019-11-01T16:55:50.000Z,107.07337,10.26867,13,28050
2019-11-01T16:55:56.000Z,107.07317,10.268708,13,28040
2019-11-01T16:56:02.000Z,107.072973,10.268742,13,28020
2019-11-01T16:56:11.000Z,107.072675,10.268795,13,28030
2019-11-01T16:56:20.000Z,107.07238,10.268845,13,28030
2019-11-01T16:56:26.000Z,107.072178,10.26888,13,28020
2019-11-01T16:56:49.000Z,107.071407,10.269013,13,28010
2019-11-01T16:56:59.000Z,107.071203,10.269048,13,28030
2019-11-01T16:57:06.000Z,107.071002,10.269082,13,28040
2019-11-01T16:57:19.000Z,107.070705,10.26914,13,28070
2019-11-01T16:57:26.000Z,107.07021,10.269235,13,28120
2019-11-01T16:57:35.000Z,107.06991200000002,10.269298,13,28120
2019-11-01T16:57:47.000Z,107.069522,10.269367,13,28110
2019-11-01T16:57:56.000Z,107.06923700000002,10.269428,13,28090
2019-11-01T16:58:02.000Z,107.069043,10.269465,13,28090
2019-11-01T16:58:08.000Z,107.068845,10.269507,13,28110
2019-11-01T16:58:14.000Z,107.068645,10.269547,13,28070
2019-11-01T16:58:20.000Z,107.068447,10.26958,13,28060
2019-11-01T16:58:26.000Z,107.06825,10.269608,13,28030
2019-11-01T16:58:35.000Z,107.067953,10.269653,13,28010
2019-11-01T16:58:52.000Z,107.067658,10.2697,12,27940
2019-11-01T16:59:00.000Z,107.06746,10.269742,13,27960
2019-11-01T16:59:14.000Z,107.06667,10.269883,13,28040
2019-11-01T16:59:20.000Z,107.066475,10.269917,13,28060
2019-11-01T16:59:25.000Z,107.066283,10.269952,13,28060
2019-11-01T16:59:33.000Z,107.066087,10.26999,13,28030
2019-11-01T16:59:42.000Z,107.06589,10.270022,13,27990
2019-11-01T16:59:46.000Z,107.065598,10.270067999999998,13,28000
2019-11-01T16:59:55.000Z,107.065398,10.270103,13,28000
2019-11-01T17:00:03.000Z,107.065195,10.270138,13,27990
2019-11-01T17:00:05.000Z,107.065,10.270173,13,28030
2019-11-01T17:00:19.000Z,107.064802,10.27021,13,28050
2019-11-01T17:00:23.000Z,107.064402,10.270282,13,28060
2019-11-01T17:00:41.000Z,107.064208,10.270322,13,28080
2019-11-01T17:00:49.000Z,107.064013,10.270358,13,28080
2019-11-01T17:00:56.000Z,107.063325,10.270498,13,28100
2019-11-01T17:01:05.000Z,107.063025,10.270557,13,28090
2019-11-01T17:01:11.000Z,107.062828,10.270597,13,28080
2019-11-01T17:01:23.000Z,107.062438,10.270667,13,28070
2019-11-01T17:01:35.000Z,107.06214,10.270718,13,28030
2019-11-01T17:01:42.000Z,107.061937,10.270758,13,28100
2019-11-01T17:01:44.000Z,107.061735,10.270795,13,28070
2019-11-01T17:01:50.000Z,107.06154,10.270833,13,28110
2019-11-01T17:01:56.000Z,107.061348,10.270877,13,28110
2019-11-01T17:02:09.000Z,107.06095,10.27095,13,28130
2019-11-01T17:02:14.000Z,107.060752,10.270983,13,28120
2019-11-01T17:02:23.000Z,107.06046299999998,10.271037,13,28080
2019-11-01T17:02:42.000Z,107.060267,10.271078,13,28050
2019-11-01T17:02:50.000Z,107.060075,10.271118,13,28080
2019-11-01T17:02:59.000Z,107.059287,10.271265,13,28080
2019-11-01T17:03:08.000Z,107.058992,10.27132,13,28050
2019-11-01T17:03:13.000Z,107.058792,10.271355,13,28080
2019-11-01T17:03:37.000Z,107.057992,10.271507,13,28130
2019-11-01T17:03:44.000Z,107.057792,10.271545,13,28150
2019-11-01T17:03:50.000Z,107.057592,10.271583,13,28140
2019-11-01T17:04:05.000Z,107.057198,10.271663,13,28210
2019-11-01T17:04:12.000Z,107.05701,10.271707,13,28190
2019-11-01T17:04:19.000Z,107.056815,10.271752,13,28210
2019-11-01T17:04:30.000Z,107.056535,10.27181,13,28210
2019-11-01T17:04:38.000Z,107.05604,10.271907,13,28160
2019-11-01T17:04:56.000Z,107.055453,10.272028,13,28100
2019-11-01T17:05:14.000Z,107.054862,10.272148,13,28170
2019-11-01T17:05:43.000Z,107.053977,10.272323,13,28060
2019-11-01T17:05:46.000Z,107.053807,10.272358,13,28090
2019-11-01T17:05:56.000Z,107.053472,10.27242,13,28130
2019-11-01T17:06:05.000Z,107.053182,10.272473,13,28120
2019-11-01T17:06:10.000Z,107.052985,10.272513,13,28160
2019-11-01T17:06:20.000Z,107.052685,10.272573,13,28120
2019-11-01T17:06:26.000Z,107.052482,10.272613,13,28130
2019-11-01T17:06:38.000Z,107.052083,10.272687,13,28100
2019-11-01T17:07:11.000Z,107.051008,10.272898,13,28150
2019-11-01T17:07:20.000Z,107.050713,10.272958,13,28140
2019-11-01T17:07:26.000Z,107.050515,10.272995,13,28110
2019-11-01T17:07:33.000Z,107.05032,10.273033,13,28080
2019-11-01T17:07:38.000Z,107.050123,10.273062,13,28050
2019-11-01T17:07:59.000Z,107.049928,10.273097,13,28090
2019-11-01T17:08:20.000Z,107.048768,10.273343,12,28220
2019-11-01T17:08:26.000Z,107.048573,10.273385,12,28200
2019-11-01T17:08:32.000Z,107.048388,10.273423,12,28140
2019-11-01T17:08:45.000Z,107.048017,10.273495,12,28140
2019-11-01T17:08:53.000Z,107.047832,10.273535,12,28150
2019-11-01T17:09:00.000Z,107.047638,10.273572,12,28120
2019-11-01T17:09:09.000Z,107.04743700000002,10.27361,12,28110
2019-11-01T17:09:14.000Z,107.047053,10.273688,12,28090
2019-11-01T17:09:30.000Z,107.046577,10.27378,12,28170
2019-11-01T17:09:44.000Z,107.046113,10.273878,12,28220
2019-11-01T17:09:57.000Z,107.04574,10.273953,12,28240
2019-11-01T17:10:02.000Z,107.045548,10.273992,12,28220
2019-11-01T17:10:14.000Z,107.045263,10.27405,12,28150
2019-11-01T17:10:17.000Z,107.045073,10.274087,12,28140
2019-11-01T17:10:30.000Z,107.044885,10.274123,12,28130
2019-11-01T17:10:39.000Z,107.04443,10.274207,12,28080
2019-11-01T17:10:44.000Z,107.044248,10.27424,12,28100
2019-11-01T17:10:53.000Z,107.043967,10.274295,12,28100
2019-11-01T17:10:59.000Z,107.043787,10.27433,12,28150
2019-11-01T17:11:26.000Z,107.042978,10.274517,12,28240
2019-11-01T17:11:32.000Z,107.042795,10.274557,12,28240
2019-11-01T17:11:38.000Z,107.04261499999998,10.274593,12,28250
2019-11-01T17:11:44.000Z,107.042435,10.274633,12,28240
2019-11-01T17:11:57.000Z,107.042257,10.274675,12,28210
2019-11-01T17:12:09.000Z,107.041898,10.274758,12,28210
2019-11-01T17:12:15.000Z,107.041717,10.274797,12,28210
2019-11-01T17:12:20.000Z,107.041358,10.274877,12,28170
2019-11-01T17:12:26.000Z,107.04118,10.274913,12,28170
2019-11-01T17:12:32.000Z,107.040997,10.274948,12,28140
2019-11-01T17:12:54.000Z,107.040817,10.274987,11,28160
2019-11-01T17:13:00.000Z,107.040197,10.275127,11,28350
2019-11-01T17:13:12.000Z,107.039932,10.275183,11,28320
2019-11-01T17:13:17.000Z,107.039665,10.275242,11,28350
2019-11-01T17:13:23.000Z,107.03949,10.275285,11,28260
2019-11-01T17:13:30.000Z,107.039312,10.27532,11,28180
2019-11-01T17:13:47.000Z,107.039127,10.27535,11,28100
2019-11-01T17:13:54.000Z,107.038945,10.275377,11,28040
2019-11-01T17:14:11.000Z,107.038068,10.275513,11,27880
2019-11-01T17:14:20.000Z,107.037808,10.275555,11,27870
2019-11-01T17:14:26.000Z,107.03763700000002,10.275582,11,27870
2019-11-01T17:14:32.000Z,107.037465,10.275605,11,27880
2019-11-01T17:14:44.000Z,107.037128,10.275657,11,27870
2019-11-01T17:14:55.000Z,107.036798,10.275692,10,27820
2019-11-01T17:15:11.000Z,107.03639,10.275738,10,27620
2019-11-01T17:15:26.000Z,107.036003,10.275775,10,27460
2019-11-01T17:15:39.000Z,107.035687,10.275793,10,27340
2019-11-01T17:15:47.000Z,107.035453,10.275808,10,27250
2019-11-01T17:15:55.000Z,107.035227,10.275817,9,27150
2019-11-01T17:16:11.000Z,107.034927,10.27581,9,27070
2019-11-01T17:16:21.000Z,107.034698,10.275802,9,27000
2019-11-01T17:16:30.000Z,107.034485,10.275802,9,26950
2019-11-01T17:16:40.000Z,107.034275,10.275802,9,26890
2019-11-01T17:16:48.000Z,107.034068,10.275798,9,26820
2019-11-01T17:16:59.000Z,107.03372,10.275782,9,26750
2019-11-01T17:17:08.000Z,107.033518,10.275773,8,26690
2019-11-01T17:17:29.000Z,107.033322,10.275758,8,26650
2019-11-01T17:17:41.000Z,107.033118,10.27574,8,26600
2019-11-01T17:17:47.000Z,107.032667,10.275713,8,26530
2019-11-01T17:18:08.000Z,107.032227,10.275678,8,26460
2019-11-01T17:18:17.000Z,107.032045,10.275657,8,26440
2019-11-01T17:18:25.000Z,107.03186200000002,10.275633,7,26410
2019-11-01T17:18:38.000Z,107.031673,10.275613,7,26380
2019-11-01T17:18:49.000Z,107.031482,10.275583,8,26220
2019-11-01T17:18:56.000Z,107.031228,10.275542,8,26080
2019-11-01T17:19:16.000Z,107.031035,10.275522,8,26240
2019-11-01T17:19:27.000Z,107.030837,10.275502,8,26450
2019-11-01T17:19:39.000Z,107.030637,10.275477,8,26600
2019-11-01T17:19:48.000Z,107.030132,10.275473,8,26870
2019-11-01T17:19:59.000Z,107.029933,10.275473,8,26900
2019-11-01T17:20:05.000Z,107.029728,10.275468,8,26900
2019-11-01T17:20:23.000Z,107.029458,10.275462,8,26920
2019-11-01T17:20:35.000Z,107.029253,10.275455,8,26920
2019-11-01T17:20:38.000Z,107.028978,10.275447,8,26900
2019-11-01T17:20:53.000Z,107.028648,10.275437,8,26850
2019-11-01T17:21:20.000Z,107.028445,10.275427,8,26820
2019-11-01T17:21:27.000Z,107.027875,10.275407,9,26820
2019-11-01T17:21:43.000Z,107.027617,10.275402,9,26840
2019-11-01T17:21:56.000Z,107.027382,10.275387,9,26870
2019-11-01T17:22:06.000Z,107.026927,10.275378,9,26870
2019-11-01T17:22:43.000Z,107.026453,10.275372,9,26840
2019-11-01T17:23:07.000Z,107.025527,10.275348,9,26860
2019-11-01T17:23:23.000Z,107.02525,10.275337,9,26820
2019-11-01T17:23:34.000Z,107.02503,10.275335,9,26770
2019-11-01T17:23:47.000Z,107.024525,10.275312,9,26840
2019-11-01T17:24:12.000Z,107.024275,10.275297,9,26840
2019-11-01T17:24:17.000Z,107.023785,10.275298,9,26880
2019-11-01T17:24:26.000Z,107.023562,10.275293,9,26880
2019-11-01T17:24:38.000Z,107.023263,10.275285,9,26810
2019-11-01T17:24:51.000Z,107.023045,10.275275,9,26760
2019-11-01T17:25:02.000Z,107.022828,10.275263,9,26770
2019-11-01T17:25:06.000Z,107.02258799999998,10.275252,9,26770
2019-11-01T17:25:26.000Z,107.02239,10.27524,9,26740
2019-11-01T17:25:39.000Z,107.022158,10.275225,9,26740
2019-11-01T17:25:44.000Z,107.021632,10.275208,9,26810
2019-11-01T17:25:53.000Z,107.021403,10.275198,9,26800
2019-11-01T17:26:06.000Z,107.021102,10.275185,9,26780
2019-11-01T17:26:17.000Z,107.02088,10.275177,9,26750
2019-11-01T17:26:34.000Z,107.020505,10.275163,9,26770
2019-11-01T17:26:44.000Z,107.020133,10.275142,9,26680
2019-11-01T17:27:02.000Z,107.019685,10.27512,9,26720
2019-11-01T17:27:14.000Z,107.019392,10.275112,10,26760
2019-11-01T17:27:26.000Z,107.019082,10.275095,10,26790
2019-11-01T17:27:56.000Z,107.018858,10.275088,10,26800
2019-11-01T17:28:02.000Z,107.018157,10.275052,10,26650
2019-11-01T17:28:14.000Z,107.017848,10.275035,10,26690
2019-11-01T17:28:23.000Z,107.017615,10.27502,10,26730
2019-11-01T17:28:32.000Z,107.017378,10.275013,10,26740
2019-11-01T17:28:43.000Z,107.017065,10.274992999999998,10,26670
2019-11-01T17:28:53.000Z,107.016835,10.274978,10,26580
2019-11-01T17:29:20.000Z,107.0166,10.274963,10,26560
2019-11-01T17:29:37.000Z,107.015733,10.274932000000002,10,26830
2019-11-01T17:29:48.000Z,107.015495,10.27493,10,26910
2019-11-01T17:30:03.000Z,107.01516,10.274948,10,27210
2019-11-01T17:30:11.000Z,107.014987,10.274957,11,27330
2019-11-01T17:30:19.000Z,107.014812,10.27497,11,27460
2019-11-01T17:30:28.000Z,107.014633,10.27499,11,27540
2019-11-01T17:30:52.000Z,107.014007,10.275055,12,27590
2019-11-01T17:30:59.000Z,107.013815,10.275068,12,27610
2019-11-01T17:31:11.000Z,107.01281000000002,10.275162,13,27510
2019-11-01T17:31:19.000Z,107.012603,10.27518,13,27490
2019-11-01T17:31:27.000Z,107.012398,10.275202,13,27540
2019-11-01T17:31:34.000Z,107.01219,10.275232,14,27680
2019-11-01T17:31:42.000Z,107.011975,10.275263,14,27800
2019-11-01T17:31:50.000Z,107.01176,10.275297,14,27890
2019-11-01T17:31:59.000Z,107.011392,10.275362,14,27980
2019-11-01T17:32:18.000Z,107.01067,10.275493,15,28050
2019-11-01T17:32:31.000Z,107.01024,10.275573,15,28030
2019-11-01T17:32:54.000Z,107.009433,10.275732,15,28100
2019-11-01T17:33:07.000Z,107.009032,10.275812,16,28100
2019-11-01T17:33:31.000Z,107.007373,10.276118,17,28070
2019-11-01T17:33:37.000Z,107.007157,10.276162,17,28100
2019-11-01T17:33:53.000Z,107.006938,10.276203,17,28120
2019-11-01T17:33:58.000Z,107.006765,10.276235,17,28120
2019-11-01T17:34:07.000Z,107.006507,10.276282,17,28120
2019-11-01T17:34:19.000Z,107.006065,10.276367,17,28090
2019-11-01T17:34:29.000Z,107.004893,10.276575,18,28040
2019-11-01T17:34:36.000Z,107.004478,10.276655,18,27990
2019-11-01T17:34:42.000Z,107.004202,10.2767,18,27940
2019-11-01T17:34:53.000Z,107.003645,10.276788,18,27900
2019-11-01T17:35:06.000Z,107.003097,10.276903,18,28300
2019-11-01T17:35:18.000Z,107.002543,10.27705,18,28550
2019-11-01T17:35:26.000Z,107.002127,10.277167,18,28480
2019-11-01T17:35:53.000Z,107.00185,10.277235,19,28490
2019-11-01T17:36:11.000Z,107.000152,10.277718,19,28690
2019-11-01T17:36:17.000Z,106.999858,10.277793,19,28520
2019-11-01T17:36:34.000Z,106.99928,10.277952,19,28530
2019-11-01T17:36:45.000Z,106.99884,10.278063,19,28540
2019-11-01T17:36:50.000Z,106.998547,10.27815,20,28570
2019-11-01T17:36:57.000Z,106.997807,10.278357000000002,20,28580
2019-11-01T17:37:21.000Z,106.99736,10.278482,20,28550
2019-11-01T17:37:32.000Z,106.996917,10.278593,20,28470
2019-11-01T17:37:45.000Z,106.995392,10.278997,20,28540
2019-11-01T17:37:54.000Z,106.995083,10.279077,20,28490
2019-11-01T17:38:02.000Z,106.994783,10.279158,20,28520
2019-11-01T17:38:13.000Z,106.994353,10.279283,20,28540
2019-11-01T17:38:21.000Z,106.994055,10.279368,20,28560
2019-11-01T17:38:29.000Z,106.993743,10.27945,20,28540
2019-11-01T17:38:43.000Z,106.99313,10.279613,20,28510
2019-11-01T17:38:51.000Z,106.992833,10.2797,20,28520
2019-11-01T17:38:57.000Z,106.992527,10.27978,20,28510
2019-11-01T17:39:03.000Z,106.992225,10.279862,20,28510
2019-11-01T17:39:09.000Z,106.991918,10.279938,20,28510
2019-11-01T17:39:17.000Z,106.991613,10.280018,20,28510
2019-11-01T17:39:27.000Z,106.991152,10.280137,20,28490
2019-11-01T17:39:35.000Z,106.990837,10.280213,20,28450
2019-11-01T17:39:51.000Z,106.989133,10.280662,20,28490
2019-11-01T17:39:58.000Z,106.988822,10.280747,20,28510
2019-11-01T17:40:04.000Z,106.98851,10.280832,20,28520
2019-11-01T17:40:10.000Z,106.988202,10.280912,20,28530
2019-11-01T17:40:21.000Z,106.987743,10.28104,20,28540
2019-11-01T17:40:31.000Z,106.987282,10.281172,20,28530
2019-11-01T17:40:39.000Z,106.986973,10.281262,20,28540
2019-11-01T17:40:46.000Z,106.986667,10.281348,20,28540
2019-11-01T17:41:00.000Z,106.986055,10.281505,20,28490
2019-11-01T17:41:05.000Z,106.98575,10.281585,20,28520
2019-11-01T17:41:12.000Z,106.985448,10.281667,20,28530
2019-11-01T17:41:20.000Z,106.985148,10.28175,20,28570
2019-11-01T17:41:30.000Z,106.9847,10.281885,20,28660
2019-11-01T17:41:39.000Z,106.984243,10.282012,20,28610
2019-11-01T17:41:50.000Z,106.98378999999998,10.28213,20,28540
2019-11-01T17:41:57.000Z,106.983487,10.282208,20,28510
2019-11-01T17:42:06.000Z,106.983192,10.282292,20,28500
2019-11-01T17:42:21.000Z,106.981572,10.282748,20,28490
2019-11-01T17:42:28.000Z,106.981275,10.282823,20,28540
2019-11-01T17:42:39.000Z,106.980838,10.282945,19,28630
2019-11-01T17:42:48.000Z,106.980403,10.283075,19,28630
2019-11-01T17:43:02.000Z,106.979823,10.283237,19,28550
2019-11-01T17:43:09.000Z,106.979532,10.283318,19,28550
2019-11-01T17:43:17.000Z,106.979245,10.283398,19,28550
2019-11-01T17:43:28.000Z,106.978822,10.283513,19,28520
2019-11-01T17:43:40.000Z,106.978393,10.283625,19,28450
2019-11-01T17:43:48.000Z,106.97811000000002,10.283698,19,28510
2019-11-01T17:43:56.000Z,106.977825,10.283775,19,28540
2019-11-01T17:44:08.000Z,106.976418,10.28417,19,28540
2019-11-01T17:44:15.000Z,106.97614,10.284233,19,28450
2019-11-01T17:44:23.000Z,106.975858,10.284305,19,28430
2019-11-01T17:44:31.000Z,106.975573,10.284377,19,28400
2019-11-01T17:44:38.000Z,106.97529,10.284442,18,28340
2019-11-01T17:44:47.000Z,106.974872,10.284535,18,28330
2019-11-01T17:44:54.000Z,106.974593,10.2846,18,28380
2019-11-01T17:45:05.000Z,106.974178,10.284713,18,28460
2019-11-01T17:45:12.000Z,106.973897,10.28478,18,28360
2019-11-01T17:45:20.000Z,106.973618,10.284835,18,28300
2019-11-01T17:45:26.000Z,106.97333799999998,10.284902,18,28300
2019-11-01T17:45:37.000Z,106.973058,10.284963,18,28230
2019-11-01T17:45:42.000Z,106.972777,10.285032,18,28330
2019-11-01T17:45:50.000Z,106.972495,10.285103,18,28400
2019-11-01T17:46:03.000Z,106.971127,10.285437,18,28320
2019-11-01T17:46:10.000Z,106.970855,10.285503,18,28330
2019-11-01T17:46:17.000Z,106.970583,10.285577,18,28420
2019-11-01T17:46:33.000Z,106.970035,10.285723,18,28470
2019-11-01T17:46:40.000Z,106.969763,10.285788,18,28410
2019-11-01T17:46:47.000Z,106.96948799999998,10.285843,18,28250
2019-11-01T17:46:53.000Z,106.969212,10.285893,18,28160
2019-11-01T17:47:01.000Z,106.968933,10.285947,18,28140
2019-11-01T17:47:07.000Z,106.968662,10.285993,18,28080
2019-11-01T17:47:19.000Z,106.968262,10.286077,18,28140
2019-11-01T17:47:31.000Z,106.967037,10.2863,18,28110
2019-11-01T17:47:40.000Z,106.966763,10.286352,18,28130
2019-11-01T17:47:48.000Z,106.96648799999998,10.286405,18,28120
2019-11-01T17:47:56.000Z,106.966215,10.286462,18,28120
2019-11-01T17:48:04.000Z,106.965948,10.28652,18,28120
2019-11-01T17:48:12.000Z,106.965118,10.28667,18,28090
2019-11-01T17:48:27.000Z,106.964427,10.286808,18,28120
2019-11-01T17:48:36.000Z,106.964158,10.286862,18,28140
2019-11-01T17:48:44.000Z,106.96389,10.28692,18,28220
2019-11-01T17:48:51.000Z,106.963618,10.286975,18,28180
2019-11-01T17:48:57.000Z,106.963347,10.287025,18,28080
2019-11-01T17:49:07.000Z,106.96293500000002,10.287097,18,28000
2019-11-01T17:49:15.000Z,106.96266,10.287135,18,27830
2019-11-01T17:49:27.000Z,106.962238,10.287197,18,27830
2019-11-01T17:49:38.000Z,106.961822,10.287252,18,27790
2019-11-01T17:49:47.000Z,106.961542,10.287292,18,27820
2019-11-01T17:49:55.000Z,106.961262,10.287327,18,27800
2019-11-01T17:50:03.000Z,106.960977,10.287357,18,27770
2019-11-01T17:50:18.000Z,106.959418,10.287563,18,27790
2019-11-01T17:50:30.000Z,106.958992,10.287632,18,27890
2019-11-01T17:50:44.000Z,106.958417,10.287707,18,27770
2019-11-01T17:50:50.000Z,106.958132,10.28774,18,27740
2019-11-01T17:50:58.000Z,106.957848,10.287778,18,27730
2019-11-01T17:51:05.000Z,106.957557,10.287815,18,27770
2019-11-01T17:51:13.000Z,106.957262,10.287852,18,27770
2019-11-01T17:51:20.000Z,106.956977,10.287893,19,27780
2019-11-01T17:51:29.000Z,106.95668700000002,10.287937,19,27790
2019-11-01T17:51:37.000Z,106.956402,10.28797,19,27760
2019-11-01T17:51:49.000Z,106.95496,10.288157,19,27750
2019-11-01T17:52:01.000Z,106.954527,10.288223,19,27770
2019-11-01T17:52:09.000Z,106.954233,10.28826,19,27810
2019-11-01T17:52:18.000Z,106.953942,10.288302,19,27870
2019-11-01T17:52:26.000Z,106.953648,10.288343,19,27810
2019-11-01T17:52:34.000Z,106.95335,10.28838,19,27760
2019-11-01T17:52:45.000Z,106.952912,10.288433,19,27700
2019-11-01T17:52:54.000Z,106.952617,10.288472,19,27740
2019-11-01T17:52:59.000Z,106.952325,10.288515,19,27780
2019-11-01T17:53:06.000Z,106.952028,10.28855,19,27770
2019-11-01T17:53:19.000Z,106.950707,10.288742999999998,19,27760
2019-11-01T17:53:26.000Z,106.950407,10.288773,19,27680
2019-11-01T17:53:43.000Z,106.949812,10.288852,19,27770
2019-11-01T17:53:51.000Z,106.949512,10.288893,19,27760
2019-11-01T17:53:59.000Z,106.949218,10.288938,19,27800
2019-11-01T17:54:06.000Z,106.94892,10.288982,19,27820
2019-11-01T17:54:14.000Z,106.948615,10.289022,19,27810
2019-11-01T17:54:22.000Z,106.948308,10.289063,19,27820
2019-11-01T17:54:35.000Z,106.946787,10.289257,20,27790
2019-11-01T17:54:51.000Z,106.946027,10.289362,20,27830
2019-11-01T17:55:06.000Z,106.945412,10.28945,20,27810
2019-11-01T17:55:13.000Z,106.945107,10.289485,20,27720
2019-11-01T17:55:21.000Z,106.944653,10.289535,20,27610
2019-11-01T17:55:29.000Z,106.944345,10.289562,20,27530
2019-11-01T17:55:45.000Z,106.943723,10.28962,20,27570
2019-11-01T17:55:52.000Z,106.94341,10.289652,20,27580
2019-11-01T17:56:00.000Z,106.943097,10.289685,20,27590
2019-11-01T17:56:07.000Z,106.942785,10.28972,20,27590
2019-11-01T17:56:14.000Z,106.94247,10.28975,20,27560
2019-11-01T17:56:22.000Z,106.942155,10.289775,20,27540
2019-11-01T17:56:35.000Z,106.940583,10.289928,20,27610
2019-11-01T17:56:48.000Z,106.940105,10.289982,20,27580
2019-11-01T17:57:10.000Z,106.938985,10.29009,21,27540
2019-11-01T17:57:17.000Z,106.938657,10.290123,21,27560
2019-11-01T17:57:25.000Z,106.938333,10.290158,21,27600
2019-11-01T17:57:34.000Z,106.938008,10.290192,21,27590
2019-11-01T17:57:44.000Z,106.937523,10.290247,21,27610
2019-11-01T17:57:52.000Z,106.937197,10.290272,21,27570
2019-11-01T17:58:01.000Z,106.93687,10.290303,21,27520
2019-11-01T17:58:16.000Z,106.935222,10.290475,21,27640
2019-11-01T17:58:25.000Z,106.934733,10.290522,21,27570
2019-11-01T17:58:33.000Z,106.934402,10.290555,21,27510
2019-11-01T17:58:42.000Z,106.934065,10.290587,21,27560
2019-11-01T17:58:45.000Z,106.933895,10.29061,21,27610
2019-11-01T17:58:54.000Z,106.933563,10.29065,21,27670
2019-11-01T17:59:01.000Z,106.933233,10.290688,22,27690
2019-11-01T17:59:12.000Z,106.93273700000002,10.290745,22,27700
2019-11-01T17:59:17.000Z,106.932405,10.290782,22,27620
2019-11-01T17:59:36.000Z,106.931565,10.290872,22,27580
2019-11-01T17:59:55.000Z,106.929723,10.291058,22,27610
2019-11-01T18:00:02.000Z,106.929385,10.291097,22,27630
2019-11-01T18:00:09.000Z,106.929042,10.291127,22,27580
2019-11-01T18:00:21.000Z,106.928533,10.291173,22,27580
2019-11-01T18:00:26.000Z,106.928195,10.29121,22,27570
2019-11-01T18:00:29.000Z,106.928025,10.291228,22,27570
2019-11-01T18:00:32.000Z,106.927855,10.291247,22,27590
2019-11-01T18:00:35.000Z,106.927682,10.291267,22,27620
2019-11-01T18:00:40.000Z,106.927345,10.291305,22,27680
2019-11-01T18:00:46.000Z,106.927003,10.291343,22,27660
2019-11-01T18:00:51.000Z,106.926662,10.29138,22,27600
2019-11-01T18:00:56.000Z,106.926322,10.291408,22,27510
2019-11-01T18:01:00.000Z,106.925977,10.291432,22,27440
2019-11-01T18:01:02.000Z,106.925805,10.291447,22,27460
2019-11-01T18:01:04.000Z,106.925635,10.29146,22,27490
2019-11-01T18:01:07.000Z,106.925465,10.291477,22,27510
2019-11-01T18:01:10.000Z,106.925295,10.291492,22,27550
2019-11-01T18:01:20.000Z,106.924792,10.291552,22,27670
2019-11-01T18:01:24.000Z,106.924618,10.291573,22,27650
2019-11-01T18:01:31.000Z,106.924268,10.291603,22,27580
2019-11-01T18:01:35.000Z,106.924098,10.291623,22,27590
2019-11-01T18:01:41.000Z,106.923762,10.29167,22,27670
2019-11-01T18:01:45.000Z,106.92359,10.291692,22,27700
2019-11-01T18:01:49.000Z,106.923415,10.29171,22,27700
2019-11-01T18:01:53.000Z,106.923243,10.291728,22,27680
2019-11-01T18:02:00.000Z,106.922903,10.291777,22,27670
2019-11-01T18:02:05.000Z,106.922733,10.291798,22,27680
2019-11-01T18:02:16.000Z,106.922225,10.29185,22,27630
2019-11-01T18:02:20.000Z,106.92205,10.291873,22,27640
2019-11-01T18:02:28.000Z,106.921705,10.29191,22,27640
2019-11-01T18:02:33.000Z,106.921532,10.291925,22,27620
2019-11-01T18:02:36.000Z,106.92136200000002,10.291942,22,27590
2019-11-01T18:02:39.000Z,106.92119,10.291958,22,27600
2019-11-01T18:02:43.000Z,106.921017,10.291978,22,27640
2019-11-01T18:03:00.000Z,106.9191,10.292175,23,27560
2019-11-01T18:03:04.000Z,106.918923,10.292192,23,27540
2019-11-01T18:03:07.000Z,106.918745,10.292208,23,27510
2019-11-01T18:03:10.000Z,106.918568,10.292225,23,27520
2019-11-01T18:03:20.000Z,106.918098,10.292263,23,27520
2019-11-01T18:03:24.000Z,106.917865,10.29228,23,27460
2019-11-01T18:03:27.000Z,106.91768799999998,10.292295,23,27410
2019-11-01T18:03:31.000Z,106.91751200000002,10.29231,23,27410
2019-11-01T18:03:39.000Z,106.917153,10.292337,23,27470
2019-11-01T18:03:42.000Z,106.91697,10.29235,23,27480
2019-11-01T18:03:46.000Z,106.91679,10.292368,23,27510
2019-11-01T18:03:50.000Z,106.916608,10.292387,23,27570
2019-11-01T18:03:53.000Z,106.91643,10.292413,23,27650
2019-11-01T18:03:58.000Z,106.916255,10.292447,23,27750
2019-11-01T18:04:09.000Z,106.915737,10.29256,23,28140
2019-11-01T18:04:23.000Z,106.91426,10.293145,22,29310
2019-11-01T18:04:27.000Z,106.9141,10.293217,22,29320
2019-11-01T18:04:31.000Z,106.91394,10.293287,22,29330
2019-11-01T18:04:36.000Z,106.91378,10.293355,22,29350
2019-11-01T18:04:39.000Z,106.913618,10.293423,23,29380
2019-11-01T18:04:43.000Z,106.913455,10.293493,23,29390
2019-11-01T18:04:49.000Z,106.913293,10.293563,23,29380
2019-11-01T18:04:52.000Z,106.913133,10.293633,23,29370
2019-11-01T18:04:57.000Z,106.912968,10.293705,23,29350
2019-11-01T18:05:04.000Z,106.91263700000002,10.29384,23,29270
2019-11-01T18:05:09.000Z,106.912473,10.293903,23,29220
2019-11-01T18:05:12.000Z,106.912308,10.293968,23,29180
2019-11-01T18:05:16.000Z,106.912142,10.294035,23,29160
2019-11-01T18:05:20.000Z,106.911977,10.2941,23,29150
2019-11-01T18:05:27.000Z,106.911645,10.294233,23,29180
2019-11-01T18:05:30.000Z,106.911478,10.294303,23,29220
2019-11-01T18:05:32.000Z,106.911315,10.294375,23,29280
2019-11-01T18:05:38.000Z,106.911153,10.294447,23,29370
2019-11-01T18:05:45.000Z,106.910665,10.29468,23,29550
2019-11-01T18:05:51.000Z,106.910342,10.294855,23,29730
2019-11-01T18:06:10.000Z,106.908578,10.295853,24,29960
2019-11-01T18:06:14.000Z,106.908418,10.295945,24,29960
2019-11-01T18:06:18.000Z,106.908257,10.296035,24,29940
2019-11-01T18:06:22.000Z,106.908097,10.296127,24,29950
2019-11-01T18:06:27.000Z,106.90793700000002,10.29622,24,29980
2019-11-01T18:06:31.000Z,106.907777,10.296317,24,30030
2019-11-01T18:06:34.000Z,106.907618,10.296413,24,30080
2019-11-01T18:06:39.000Z,106.907457,10.296507,24,30100
2019-11-01T18:06:43.000Z,106.907295,10.2966,24,30070
2019-11-01T18:06:47.000Z,106.90713,10.296692,24,30020
2019-11-01T18:06:52.000Z,106.906963,10.29678,24,29970
2019-11-01T18:06:55.000Z,106.906795,10.29687,24,29950
2019-11-01T18:07:00.000Z,106.906628,10.296962,24,29950
2019-11-01T18:07:04.000Z,106.906462,10.297057,24,29950
2019-11-01T18:07:07.000Z,106.906295,10.297152,24,29940
2019-11-01T18:07:11.000Z,106.906133,10.297247,24,29940
2019-11-01T18:07:15.000Z,106.905972,10.297342,24,29960
2019-11-01T18:07:36.000Z,106.904055,10.298828,24,31320
2019-11-01T18:07:42.000Z,106.903775,10.299082,24,31320
2019-11-01T18:07:46.000Z,106.903633,10.29921,24,31310
2019-11-01T18:07:49.000Z,106.903493,10.29934,25,31310
2019-11-01T18:07:53.000Z,106.903353,10.299472,25,31330
2019-11-01T18:07:57.000Z,106.903217,10.299605,25,31340
2019-11-01T18:08:01.000Z,106.903082,10.299737,25,31350
2019-11-01T18:08:09.000Z,106.902805,10.299987,25,31320
2019-11-01T18:08:14.000Z,106.902667,10.300113,25,31320
2019-11-01T18:08:18.000Z,106.902527,10.300243,25,31320
2019-11-01T18:08:23.000Z,106.902388,10.300375,25,31320
2019-11-01T18:08:32.000Z,106.902115,10.300643,25,31430
2019-11-01T18:08:36.000Z,106.901982,10.30078,25,31500
2019-11-01T18:08:54.000Z,106.900492,10.302323,25,31660
2019-11-01T18:09:03.000Z,106.900225,10.302613,25,31680
2019-11-01T18:09:06.000Z,106.900087,10.302758,25,31680
2019-11-01T18:09:11.000Z,106.89995,10.302903,25,31670
2019-11-01T18:09:13.000Z,106.899815,10.303047,25,31660
2019-11-01T18:09:16.000Z,106.899678,10.303188,25,31660
2019-11-01T18:09:20.000Z,106.899543,10.30333,25,31670
2019-11-01T18:09:23.000Z,106.899408,10.30347,25,31660
2019-11-01T18:09:26.000Z,106.89927,10.30361,25,31620
2019-11-01T18:09:30.000Z,106.89913500000002,10.303748,25,31590
2019-11-01T18:09:35.000Z,106.899003,10.303888,25,31600
2019-11-01T18:09:38.000Z,106.898875,10.304032,25,31650
2019-11-01T18:09:41.000Z,106.898743,10.30417,25,31680
2019-11-01T18:09:46.000Z,106.898608,10.304308,26,31690
2019-11-01T18:09:50.000Z,106.898472,10.304448,26,31690
2019-11-01T18:09:54.000Z,106.898335,10.304592,26,31680
2019-11-01T18:09:58.000Z,106.898198,10.304735,26,31690
2019-11-01T18:10:02.000Z,106.898063,10.304877,26,31700
2019-11-01T18:10:06.000Z,106.897923,10.305018,26,31710
2019-11-01T18:10:13.000Z,106.897643,10.305303,26,31690
2019-11-01T18:10:35.000Z,106.895988,10.307035,26,31680
2019-11-01T18:10:39.000Z,106.895848,10.307178,26,31680
2019-11-01T18:10:44.000Z,106.895707,10.307323,26,31680
2019-11-01T18:10:48.000Z,106.89557,10.307468,26,31680
2019-11-01T18:10:51.000Z,106.895433,10.307618,26,31680
2019-11-01T18:10:56.000Z,106.895298,10.307768,26,31670
2019-11-01T18:11:00.000Z,106.895162,10.307918,26,31670
2019-11-01T18:11:04.000Z,106.895022,10.308068,26,31670
2019-11-01T18:11:08.000Z,106.894883,10.308217,26,31660
2019-11-01T18:11:12.000Z,106.89473999999998,10.30836,26,31640
2019-11-01T18:11:15.000Z,106.8946,10.308502,26,31610
2019-11-01T18:11:19.000Z,106.894458,10.308645,26,31610
2019-11-01T18:11:23.000Z,106.894318,10.308792,26,31620
2019-11-01T18:11:27.000Z,106.894178,10.308938,26,31660
2019-11-01T18:11:30.000Z,106.894042,10.309085,26,31670
2019-11-01T18:11:33.000Z,106.893902,10.309232000000002,26,31670
2019-11-01T18:11:39.000Z,106.893622,10.309525,26,31650
2019-11-01T18:11:46.000Z,106.893345,10.309822,26,31690
2019-11-01T18:12:07.000Z,106.891663,10.31157,26,31580
2019-11-01T18:12:12.000Z,106.89152,10.31171,26,31550
2019-11-01T18:12:20.000Z,106.891235,10.311995,26,31570
2019-11-01T18:12:24.000Z,106.891093,10.312142,26,31600
2019-11-01T18:12:28.000Z,106.890948,10.312287,26,31630
2019-11-01T18:12:33.000Z,106.890808,10.312437,26,31670
2019-11-01T18:12:37.000Z,106.89067,10.312585,26,31720
2019-11-01T18:12:45.000Z,106.890393,10.312887,26,31790
2019-11-01T18:13:07.000Z,106.8889,10.314548,26,31790
2019-11-01T18:13:11.000Z,106.888765,10.3147,26,31780
2019-11-01T18:13:14.000Z,106.88863,10.31485,26,31780
2019-11-01T18:13:24.000Z,106.88823,10.315308,26,31810
2019-11-01T18:13:27.000Z,106.888093,10.31546,26,31820
2019-11-01T18:13:35.000Z,106.887818,10.315767,26,31840
2019-11-01T18:13:39.000Z,106.887685,10.31592,26,31870
2019-11-01T18:13:44.000Z,106.887552,10.316072,26,31880
2019-11-01T18:13:46.000Z,106.887413,10.31622,26,31860
2019-11-01T18:13:51.000Z,106.887275,10.316368,26,31820
2019-11-01T18:13:58.000Z,106.887003,10.316673,26,31800
2019-11-01T18:14:06.000Z,106.886733,10.316977,26,31810
2019-11-01T18:14:14.000Z,106.886458,10.317277,27,31780
2019-11-01T18:14:17.000Z,106.886325,10.31743,27,31770
2019-11-01T18:14:21.000Z,106.886188,10.317583,27,31780
2019-11-01T18:14:42.000Z,106.884535,10.319425,27,31860
2019-11-01T18:14:45.000Z,106.884395,10.319577,27,31830
2019-11-01T18:14:48.000Z,106.884255,10.319728,27,31790
2019-11-01T18:14:54.000Z,106.883983,10.320037,27,31820
2019-11-01T18:14:59.000Z,106.883845,10.320188,27,31810
2019-11-01T18:15:01.000Z,106.883705,10.320338,27,31790
2019-11-01T18:15:09.000Z,106.88343,10.320638,27,31810
2019-11-01T18:15:12.000Z,106.883295,10.320788,27,31830
2019-11-01T18:15:14.000Z,106.883158,10.32094,27,31830
2019-11-01T18:15:21.000Z,106.882888,10.321243,27,31820
2019-11-01T18:15:29.000Z,106.882615,10.321553,27,31830
2019-11-01T18:15:31.000Z,106.882475,10.321707,27,31840
2019-11-01T18:15:36.000Z,106.882333,10.321862,27,31830
2019-11-01T18:15:39.000Z,106.882192,10.322017,27,31810
2019-11-01T18:15:47.000Z,106.881907,10.322318,27,31750
2019-11-01T18:15:51.000Z,106.881767,10.32247,27,31750
2019-11-01T18:15:53.000Z,106.88163,10.322622,27,31760
2019-11-01T18:15:58.000Z,106.881493,10.322775,27,31780
2019-11-01T18:16:02.000Z,106.881355,10.322928,27,31780
2019-11-01T18:16:09.000Z,106.881078,10.323238,27,31770
2019-11-01T18:16:14.000Z,106.880938,10.323392,27,31780
2019-11-01T18:16:22.000Z,106.88066299999998,10.323697,27,31810
2019-11-01T18:16:26.000Z,106.880522,10.32385,27,31810
2019-11-01T18:16:55.000Z,106.878575,10.325982000000002,27,31820
2019-11-01T18:17:02.000Z,106.878302,10.32629,27,31830
2019-11-01T18:17:06.000Z,106.878167,10.326447,27,31820
2019-11-01T18:17:14.000Z,106.877895,10.326755,27,31840
2019-11-01T18:17:17.000Z,106.87776,10.326908,27,31850
2019-11-01T18:17:28.000Z,106.87735,10.327373,27,31840
2019-11-01T18:17:31.000Z,106.877212,10.327528,27,31810
2019-11-01T18:17:36.000Z,106.87707,10.327683,27,31790
2019-11-01T18:17:39.000Z,106.876928,10.327835,27,31770
2019-11-01T18:17:43.000Z,106.876788,10.327987,27,31760
2019-11-01T18:17:46.000Z,106.876647,10.328143,27,31760
2019-11-01T18:17:51.000Z,106.876502,10.328298,27,31790
2019-11-01T18:17:55.000Z,106.876358,10.328457,27,31830
2019-11-01T18:18:19.000Z,106.874548,10.330465,27,31860
2019-11-01T18:18:23.000Z,106.874413,10.330617,27,31860
2019-11-01T18:18:27.000Z,106.87428,10.330767,27,31850
2019-11-01T18:18:30.000Z,106.874145,10.330915,27,31820
2019-11-01T18:18:34.000Z,106.874008,10.331065,27,31800
2019-11-01T18:18:42.000Z,106.873733,10.331367,27,31780
2019-11-01T18:18:47.000Z,106.873593,10.331517,27,31770
2019-11-01T18:18:51.000Z,106.873452,10.331665,27,31760
2019-11-01T18:18:58.000Z,106.873163,10.331972,27,31760
2019-11-01T18:19:03.000Z,106.873022,10.332128,27,31780
2019-11-01T18:19:06.000Z,106.872882,10.332283,27,31790
2019-11-01T18:19:10.000Z,106.872743,10.332437,27,31790
2019-11-01T18:19:14.000Z,106.872605,10.33259,27,31790
2019-11-01T18:19:39.000Z,106.870963,10.334405,27,31860
2019-11-01T18:19:44.000Z,106.870827,10.33456,27,31880
2019-11-01T18:19:48.000Z,106.870692,10.334715,27,31880
2019-11-01T18:19:55.000Z,106.87041200000002,10.335023,27,31830
2019-11-01T18:19:59.000Z,106.870272,10.335175,27,31810
2019-11-01T18:20:03.000Z,106.87013799999998,10.335328,27,31790
2019-11-01T18:20:07.000Z,106.87,10.335482,27,31790
2019-11-01T18:20:11.000Z,106.86986,10.33563,27,31780
2019-11-01T18:20:19.000Z,106.86958,10.335922,27,31740
2019-11-01T18:20:23.000Z,106.86944,10.33607,27,31740
2019-11-01T18:20:28.000Z,106.8693,10.33622,27,31790
2019-11-01T18:20:31.000Z,106.86916200000002,10.336375,27,31820
2019-11-01T18:20:36.000Z,106.869023,10.336528,27,31830
2019-11-01T18:20:39.000Z,106.868885,10.336683,27,31830
2019-11-01T18:20:44.000Z,106.86875,10.336837,27,31820
2019-11-01T18:21:06.000Z,106.866972,10.338813,27,31810
2019-11-01T18:21:09.000Z,106.86683700000002,10.338963,27,31820
2019-11-01T18:21:16.000Z,106.866573,10.339267,27,31870
2019-11-01T18:21:19.000Z,106.866438,10.339417,27,31860
2019-11-01T18:21:22.000Z,106.866303,10.339565,26,31820
2019-11-01T18:21:26.000Z,106.866167,10.339715,27,31800
2019-11-01T18:21:30.000Z,106.86603,10.339867,27,31810
2019-11-01T18:21:34.000Z,106.865893,10.340017,27,31820
2019-11-01T18:21:42.000Z,106.865622,10.340313,27,31820
2019-11-01T18:21:45.000Z,106.865482,10.340463,27,31810
2019-11-01T18:21:49.000Z,106.865343,10.340617,27,31810
2019-11-01T18:21:53.000Z,106.865205,10.340767,27,31820
2019-11-01T18:22:05.000Z,106.864792,10.341225,27,31780
2019-11-01T18:22:26.000Z,106.863293,10.342915,26,31890
2019-11-01T18:22:31.000Z,106.863155,10.343068,26,31870
2019-11-01T18:22:35.000Z,106.863017,10.34322,26,31850
2019-11-01T18:22:38.000Z,106.862878,10.34337,26,31820
2019-11-01T18:22:43.000Z,106.862742,10.343518,26,31810
2019-11-01T18:22:47.000Z,106.862603,10.343665,26,31790
2019-11-01T18:22:51.000Z,106.862463,10.343813,26,31770
2019-11-01T18:22:59.000Z,106.862188,10.344113,26,31780
2019-11-01T18:23:16.000Z,106.860967,10.345483,26,31860
2019-11-01T18:23:19.000Z,106.860832,10.345635,26,31850
2019-11-01T18:23:22.000Z,106.860695,10.345785,26,31840
2019-11-01T18:23:25.000Z,106.860558,10.345937,26,31820
2019-11-01T18:23:28.000Z,106.86042,10.346085,26,31810
2019-11-01T18:23:35.000Z,106.860143,10.346387,26,31810
2019-11-01T18:23:44.000Z,106.85987,10.346692,26,31810
2019-11-01T18:23:48.000Z,106.859733,10.346845,26,31810
2019-11-01T18:23:55.000Z,106.859458,10.347148,26,31810
2019-11-01T18:24:05.000Z,106.859185,10.347452,26,31820
2019-11-01T18:24:08.000Z,106.85905,10.347605,26,31820
2019-11-01T18:24:12.000Z,106.858915,10.34776,26,31830
2019-11-01T18:24:20.000Z,106.858645,10.348068,26,31850
2019-11-01T18:24:25.000Z,106.85851,10.34822,26,31850
2019-11-01T18:24:51.000Z,106.856745,10.350178,26,31760
2019-11-01T18:25:04.000Z,106.85633,10.350638,26,31820
2019-11-01T18:25:09.000Z,106.856197,10.350792,26,31830
2019-11-01T18:25:15.000Z,106.85593,10.3511,26,31860
2019-11-01T18:25:19.000Z,106.855793,10.351255,26,31880
2019-11-01T18:25:23.000Z,106.855653,10.351407,26,31880
2019-11-01T18:25:26.000Z,106.855522,10.35156,26,31890
2019-11-01T18:25:32.000Z,106.855265,10.35187,26,31940
2019-11-01T18:25:35.000Z,106.855132,10.352022,26,31940
2019-11-01T18:25:39.000Z,106.854997,10.352173,26,31880
2019-11-01T18:25:57.000Z,106.853633,10.35367,26,31860
2019-11-01T18:26:01.000Z,106.853498,10.353825,26,31870
2019-11-01T18:26:16.000Z,106.852967,10.35444,26,31890
2019-11-01T18:26:20.000Z,106.852835,10.354592,26,31890
2019-11-01T18:26:25.000Z,106.8527,10.354747,26,31920
2019-11-01T18:26:29.000Z,106.852568,10.354902,26,31940
2019-11-01T18:26:33.000Z,106.852433,10.355053,26,31940
2019-11-01T18:26:37.000Z,106.852297,10.3552,26,31900
2019-11-01T18:26:49.000Z,106.85189,10.355648,26,31820
2019-11-01T18:27:10.000Z,106.850407,10.357322,26,31830
2019-11-01T18:27:17.000Z,106.850135,10.357627,26,31830
2019-11-01T18:27:23.000Z,106.84986,10.357927,26,31840
2019-11-01T18:27:26.000Z,106.849723,10.358077,26,31850
2019-11-01T18:27:30.000Z,106.84959,10.358227,26,31850
2019-11-01T18:27:37.000Z,106.849322,10.358532,26,31850
2019-11-01T18:27:42.000Z,106.84918799999998,10.358683,26,31830
2019-11-01T18:27:45.000Z,106.849053,10.358833,26,31810
2019-11-01T18:27:49.000Z,106.84891299999998,10.358983,26,31780
2019-11-01T18:28:08.000Z,106.84824,10.359733,26,31870
2019-11-01T18:28:12.000Z,106.848107,10.359887,26,31850
2019-11-01T18:28:15.000Z,106.847973,10.36004,26,31860
2019-11-01T18:28:18.000Z,106.847843,10.36019,26,31870
2019-11-01T18:28:21.000Z,106.84771299999998,10.36034,26,31890
2019-11-01T18:28:36.000Z,106.8465,10.361683,26,31860
2019-11-01T18:28:40.000Z,106.846365,10.361835,26,31870
2019-11-01T18:28:44.000Z,106.84623,10.361983,26,31860
2019-11-01T18:28:48.000Z,106.846097,10.362135,26,31860
2019-11-01T18:28:52.000Z,106.845962,10.362285,26,31850
2019-11-01T18:29:04.000Z,106.84556,10.362728,26,31820
2019-11-01T18:29:09.000Z,106.845432,10.362877,26,31840
2019-11-01T18:29:12.000Z,106.845302,10.363027,26,31860
2019-11-01T18:29:16.000Z,106.845172,10.363177,26,31880
2019-11-01T18:29:19.000Z,106.845042,10.363328,26,31870
2019-11-01T18:29:27.000Z,106.844773,10.363628,26,31840
2019-11-01T18:29:29.000Z,106.844642,10.363778,26,31840
2019-11-01T18:29:33.000Z,106.84451,10.363927,26,31850
2019-11-01T18:29:36.000Z,106.844377,10.364077,26,31850
2019-11-01T18:29:55.000Z,106.843043,10.365588,26,31900
2019-11-01T18:29:59.000Z,106.842913,10.365738,26,31900
2019-11-01T18:30:02.000Z,106.84278,10.365892,26,31880
2019-11-01T18:30:05.000Z,106.842645,10.366043,26,31850
2019-11-01T18:30:10.000Z,106.842507,10.366195,26,31830
2019-11-01T18:30:13.000Z,106.842368,10.366343,26,31810
2019-11-01T18:30:22.000Z,106.842093,10.366635,26,31810
2019-11-01T18:30:25.000Z,106.841958,10.366783,26,31810
2019-11-01T18:30:32.000Z,106.841687,10.367073,26,31790
2019-11-01T18:30:35.000Z,106.841553,10.36722,26,31760
2019-11-01T18:30:39.000Z,106.841418,10.367367,26,31730
2019-11-01T18:30:43.000Z,106.841285,10.367512,26,31710
2019-11-01T18:30:47.000Z,106.84115,10.367662,26,31730
2019-11-01T18:30:50.000Z,106.841018,10.367813,26,31770
2019-11-01T18:31:01.000Z,106.84066,10.368208,26,31830
2019-11-01T18:31:05.000Z,106.840483,10.368407,26,31840
2019-11-01T18:31:10.000Z,106.840355,10.368558,26,31860
2019-11-01T18:31:32.000Z,106.838638,10.370473,26,31760
2019-11-01T18:31:36.000Z,106.838503,10.370627,26,31770
2019-11-01T18:31:39.000Z,106.838372,10.370778,26,31790
2019-11-01T18:31:53.000Z,106.837848,10.371377,26,31800
2019-11-01T18:32:00.000Z,106.83758,10.371662,26,31790
2019-11-01T18:32:08.000Z,106.837307,10.371938,26,31740
2019-11-01T18:32:15.000Z,106.837038,10.37223,26,31760
2019-11-01T18:32:25.000Z,106.836777,10.372527,26,31820
2019-11-01T18:32:36.000Z,106.836377,10.372968,26,31810
2019-11-01T18:32:44.000Z,106.836112,10.373265,26,31850
2019-11-01T18:32:48.000Z,106.835975,10.37341,26,31860
2019-11-01T18:33:14.000Z,106.83423700000002,10.375335,26,31780
2019-11-01T18:33:17.000Z,106.834102,10.375482,26,31780
2019-11-01T18:33:27.000Z,106.833695,10.375925,26,31700
2019-11-01T18:33:38.000Z,106.833298,10.376368,26,31830
2019-11-01T18:33:46.000Z,106.833032,10.376662,26,31840
2019-11-01T18:34:06.000Z,106.832368,10.377398,26,31800
2019-11-01T18:34:11.000Z,106.832235,10.377543,26,31810
2019-11-01T18:34:19.000Z,106.831967,10.377828,26,31820
2019-11-01T18:34:39.000Z,106.830357,10.379577,26,31800
2019-11-01T18:34:54.000Z,106.82981,10.380155,26,31770
2019-11-01T18:34:58.000Z,106.829677,10.380307,26,31760
2019-11-01T18:35:11.000Z,106.82928,10.380763,26,31740
2019-11-01T18:35:18.000Z,106.829013,10.381062,26,31750
2019-11-01T18:35:25.000Z,106.82874,10.38135,26,31750
2019-11-01T18:35:31.000Z,106.82847,10.381637,26,31760
2019-11-01T18:35:44.000Z,106.82793,10.382228,26,31790
2019-11-01T18:35:51.000Z,106.82766,10.382525,26,31800
2019-11-01T18:36:06.000Z,106.827132,10.383118,26,31800
2019-11-01T18:36:09.000Z,106.827,10.383268,26,31800
2019-11-01T18:36:13.000Z,106.826872,10.383415,26,31820
2019-11-01T18:36:18.000Z,106.826743,10.383562,26,31850
2019-11-01T18:36:21.000Z,106.82661,10.383707,26,31860
2019-11-01T18:36:42.000Z,106.82499,10.385467,26,31730
2019-11-01T18:37:00.000Z,106.824453,10.386055,26,31800
2019-11-01T18:37:04.000Z,106.82432,10.386202,26,31810
2019-11-01T18:37:08.000Z,106.824185,10.386348,26,31830
2019-11-01T18:37:12.000Z,106.824052,10.386495,26,31830
2019-11-01T18:37:16.000Z,106.82392,10.38664,26,31820
2019-11-01T18:37:20.000Z,106.823788,10.386788,26,31820
2019-11-01T18:37:23.000Z,106.823657,10.386938,26,31830
2019-11-01T18:37:27.000Z,106.823527,10.387088,26,31850
2019-11-01T18:37:30.000Z,106.823395,10.387235,26,31840
2019-11-01T18:37:55.000Z,106.821508,10.389292,26,31780
2019-11-01T18:37:59.000Z,106.821375,10.389438,26,31800
2019-11-01T18:38:06.000Z,106.821108,10.389732,26,31810
2019-11-01T18:38:19.000Z,106.820703,10.39018,26,31790
2019-11-01T18:38:27.000Z,106.820438,10.390482,26,31790
2019-11-01T18:38:35.000Z,106.82017,10.390773,26,31780
2019-11-01T18:38:49.000Z,106.819765,10.39121,26,31790
2019-11-01T18:38:52.000Z,106.819632,10.391357,26,31790
2019-11-01T18:39:05.000Z,106.819235,10.391793,26,31810
2019-11-01T18:39:08.000Z,106.819105,10.39194,26,31830
2019-11-01T18:39:15.000Z,106.818842,10.39224,26,31880
2019-11-01T18:39:49.000Z,106.816572,10.394723,26,31830
2019-11-01T18:40:09.000Z,106.815763,10.395617,26,31790
2019-11-01T18:40:24.000Z,106.815225,10.39621,26,31820
2019-11-01T18:40:49.000Z,106.814417,10.397095,26,31840
2019-11-01T18:41:22.000Z,106.812362,10.399413,26,31750
2019-11-01T18:41:49.000Z,106.811247,10.400662,26,31900
2019-11-01T18:42:02.000Z,106.810758,10.401205,26,31810
2019-11-01T18:42:31.000Z,106.809703,10.4024,26,31880
2019-11-01T18:42:47.000Z,106.809133,10.403053,26,31860
2019-11-01T18:43:01.000Z,106.808602,10.403642,26,31820
2019-11-01T18:43:15.000Z,106.808102,10.404167,26,31840
2019-11-01T18:43:43.000Z,106.806193,10.406305,26,31870
2019-11-01T18:43:51.000Z,106.805933,10.406602,26,31890
2019-11-01T18:43:58.000Z,106.805667,10.406905,26,31840
2019-11-01T18:44:05.000Z,106.80544,10.407147,26,31820
2019-11-01T18:44:14.000Z,106.805132,10.407488,26,31830
2019-11-01T18:44:22.000Z,106.80491299999998,10.407738,26,31880
2019-11-01T18:44:47.000Z,106.80406200000002,10.408668,26,31830
2019-11-01T18:45:13.000Z,106.802248,10.410722,26,31840
2019-11-01T18:45:26.000Z,106.801722,10.411308,26,31890
2019-11-01T18:45:35.000Z,106.801417,10.411655,26,31900
2019-11-01T18:45:48.000Z,106.800922,10.412207,26,31830
2019-11-01T18:46:05.000Z,106.800337,10.412865,26,31840
2019-11-01T18:46:20.000Z,106.799797,10.413482,26,31850
2019-11-01T18:46:58.000Z,106.797645,10.41585,26,31860
2019-11-01T18:47:22.000Z,106.79685,10.416768,26,31850
2019-11-01T18:47:34.000Z,106.796327,10.41739,26,31890
2019-11-01T18:47:47.000Z,106.795795,10.417992,26,31850
2019-11-01T18:48:10.000Z,106.794973,10.418907,26,31840
2019-11-01T18:48:36.000Z,106.793123,10.42097,26,31770
2019-11-01T18:49:09.000Z,106.791993,10.422235,26,31880
2019-11-01T18:49:25.000Z,106.79145,10.422832,26,31800
2019-11-01T18:49:44.000Z,106.790625,10.423745,26,31810
2019-11-01T18:50:35.000Z,106.787895,10.426767,26,31810
2019-11-01T18:50:42.000Z,106.787663,10.427017,26,31800
2019-11-01T18:50:51.000Z,106.787392,10.427323,26,31810
2019-11-01T18:51:09.000Z,106.78601,10.428878,26,31850
2019-11-01T18:51:17.000Z,106.785742,10.429182,26,31890
2019-11-01T18:51:32.000Z,106.7852,10.429782,26,31760
2019-11-01T18:51:45.000Z,106.784408,10.43062,26,31700
2019-11-01T18:52:01.000Z,106.784092,10.43096,26,31780
2019-11-01T18:52:10.000Z,106.783825,10.431262,26,31840
2019-11-01T18:52:24.000Z,106.783278,10.431868,26,31830
2019-11-01T18:52:31.000Z,106.783002,10.43217,26,31820
2019-11-01T18:52:58.000Z,106.78108799999998,10.43426,26,31790
2019-11-01T18:53:10.000Z,106.780545,10.43486,26,31870
2019-11-01T18:53:27.000Z,106.780278,10.435162,26,31880
2019-11-01T18:53:48.000Z,106.779458,10.43607,26,31740
2019-11-01T18:54:23.000Z,106.777295,10.438428,26,31790
2019-11-01T18:54:33.000Z,106.776747,10.43904,26,31790
2019-11-01T18:54:44.000Z,106.776197,10.439642999999998,26,31820
2019-11-01T18:54:57.000Z,106.775657,10.44024,26,31830
2019-11-01T18:55:09.000Z,106.775123,10.44084,26,31850
2019-11-01T18:55:21.000Z,106.77458,10.441438,26,31800
2019-11-01T18:55:27.000Z,106.774313,10.441737,26,31820
2019-11-01T18:55:36.000Z,106.774047,10.442032,26,31800
2019-11-01T18:55:44.000Z,106.773772,10.44233,26,31800
2019-11-01T18:55:51.000Z,106.773497,10.442633,26,31780
2019-11-01T18:56:21.000Z,106.771852,10.444415,26,31790
2019-11-01T18:56:45.000Z,106.77077,10.445603,26,31780
2019-11-01T18:57:14.000Z,106.769687,10.446805,26,31920
2019-11-01T18:57:21.000Z,106.769155,10.447423,26,31880
2019-11-01T18:57:27.000Z,106.768895,10.447723,26,31850
2019-11-01T18:57:33.000Z,106.768628,10.448018,26,31820
2019-11-01T18:57:45.000Z,106.768092,10.448603,26,31820
2019-11-01T18:58:03.000Z,106.767283,10.449502,26,31840
2019-11-01T18:58:24.000Z,106.76701,10.449807,26,31830
2019-11-01T18:58:32.000Z,106.76673,10.450113,26,31790
2019-11-01T18:58:39.000Z,106.76645,10.45041,26,31740
2019-11-01T18:59:05.000Z,106.764703,10.452613,26,32350
2019-11-01T18:59:21.000Z,106.763978,10.453612,26,32450
2019-11-01T18:59:33.000Z,106.76351,10.454268,26,32450
2019-11-01T19:00:09.000Z,106.762092,10.456202,26,32390
2019-11-01T19:00:15.000Z,106.761858,10.45653,26,32450
2019-11-01T19:00:27.000Z,106.761427,10.457135,26,32450
2019-11-01T19:00:45.000Z,106.760662,10.458182,26,32390
2019-11-01T19:01:22.000Z,106.759535,10.459857,26,32890
2019-11-01T19:01:34.000Z,106.759165,10.460495,26,32990
2019-11-01T19:01:57.000Z,106.758057,10.462268,26,32780
2019-11-01T19:02:08.000Z,106.757658,10.462893,26,32820
2019-11-01T19:02:25.000Z,106.75742,10.463298,26,32950
2019-11-01T19:02:39.000Z,106.756803,10.464693,26,33810
2019-11-01T19:02:57.000Z,106.756318,10.465868,26,33820
2019-11-01T19:03:08.000Z,106.756033,10.466627,26,33900
2019-11-01T19:03:15.000Z,106.75588700000002,10.467002,26,33930
2019-11-01T19:03:21.000Z,106.75573500000002,10.467373,26,33890
2019-11-01T19:03:27.000Z,106.755582,10.467745,26,33860
2019-11-01T19:03:33.000Z,106.755425,10.46812,26,33800
2019-11-01T19:03:45.000Z,106.75513,10.46887,26,33840
2019-11-01T19:04:03.000Z,106.754827,10.469638,26,33850
2019-11-01T19:04:29.000Z,106.754377,10.470772,26,33830
2019-11-01T19:04:35.000Z,106.754225,10.471147,26,33820
2019-11-01T19:04:59.000Z,106.75333700000002,10.473405,26,34060
2019-11-01T19:05:32.000Z,106.752822,10.474947,27,34170
2019-11-01T19:05:39.000Z,106.752715,10.475267,27,34210
2019-11-01T19:05:48.000Z,106.752553,10.47572,27,34130
2019-11-01T19:06:13.000Z,106.752012,10.477253,27,34100
2019-11-01T19:06:35.000Z,106.75122,10.479577,27,34090
2019-11-01T19:06:52.000Z,106.750953,10.48035,26,34130
2019-11-01T19:07:05.000Z,106.750692,10.481105,26,34120
2019-11-01T19:07:46.000Z,106.749798,10.484155,25,34710
2019-11-01T19:09:10.000Z,106.748818,10.489375,24,35070
2019-11-01T19:09:45.000Z,106.748515,10.491532,23,35270
2019-11-01T19:09:56.000Z,106.748477,10.491888,23,35310
2019-11-01T19:10:09.000Z,106.748357,10.49294,23,35290
2019-11-01T19:10:15.000Z,106.748308,10.493288,23,35270
2019-11-01T19:10:33.000Z,106.748175,10.494337,22,35300
2019-11-01T19:10:45.000Z,106.748095,10.495033,22,35380
2019-11-01T19:10:56.000Z,106.748022,10.495717,22,35380
2019-11-01T19:11:09.000Z,106.747933,10.4964,22,35300
2019-11-01T19:11:21.000Z,106.747853,10.497075,22,35360
2019-11-01T19:11:28.000Z,106.747823,10.497355,22,35340
2019-11-01T19:11:33.000Z,106.747778,10.497743,22,35350
2019-11-01T19:11:40.000Z,106.747735,10.498135,22,35350
2019-11-01T19:11:45.000Z,106.747702,10.498417,22,35320
2019-11-01T19:11:51.000Z,106.747662,10.498752,22,35350
2019-11-01T19:12:21.000Z,106.747457,10.500397,21,35390
2019-11-01T19:12:40.000Z,106.747353,10.501445,21,35370
2019-11-01T19:12:51.000Z,106.747282,10.502045,21,35300
2019-11-01T19:13:30.000Z,106.747035,10.504148,21,35460
2019-11-01T19:13:40.000Z,106.746968,10.504682,21,35360
2019-11-01T19:14:22.000Z,106.746773,10.506303,21,35360
2019-11-01T19:15:42.000Z,106.74624,10.51131,21,35480
2019-11-01T19:16:21.000Z,106.746008,10.513478,21,35450
2019-11-01T19:16:42.000Z,106.745898,10.51457,21,35400
2019-11-01T19:17:30.000Z,106.745753,10.516123,21,35400
2019-11-01T19:18:22.000Z,106.74543,10.520072,22,35600
2019-11-01T19:19:31.000Z,106.745307,10.522998,22,35750
2019-11-01T19:20:17.000Z,106.745127,10.526457,23,35680
2019-11-01T19:21:20.000Z,106.744852,10.53041,23,35560
2019-11-01T19:21:42.000Z,106.744778,10.531635,23,35710
2019-11-01T19:21:56.000Z,106.744745,10.532278,23,35690
2019-11-01T19:22:18.000Z,106.744662,10.53339,23,35630
2019-11-01T19:22:42.000Z,106.74458,10.534558,23,35570
2019-11-01T19:22:58.000Z,106.7445,10.535137,22,35290
2019-11-01T19:23:09.000Z,106.744412,10.53576,22,35270
2019-11-01T19:23:48.000Z,106.744058,10.53857,22,35350
2019-11-01T19:24:00.000Z,106.74394,10.539658,22,35370
2019-11-01T19:24:47.000Z,106.743715,10.541423,22,35280
2019-11-01T19:25:38.000Z,106.743317,10.544847,22,35400
2019-11-01T19:26:10.000Z,106.743027,10.547052,22,35260
2019-11-01T19:26:22.000Z,106.742947,10.547725,22,35380
2019-11-01T19:26:41.000Z,106.742795,10.548863,22,35260
2019-11-01T19:27:00.000Z,106.742668,10.549873,22,35270
2019-11-01T19:27:14.000Z,106.742597,10.550438,22,35300
2019-11-01T19:27:41.000Z,106.742362,10.552252,22,35260
2019-11-01T19:28:00.000Z,106.742243,10.553263,22,35310
2019-11-01T19:28:10.000Z,106.74217,10.553828,22,35360
2019-11-01T19:28:21.000Z,106.742073,10.554503,22,35240
2019-11-01T19:28:30.000Z,106.742013,10.554958,22,35230
2019-11-01T19:28:37.000Z,106.741952,10.555412,22,35330
2019-11-01T19:28:41.000Z,106.741923,10.555635,22,35380
2019-11-01T19:28:47.000Z,106.741895,10.555917,22,35410
2019-11-01T19:28:56.000Z,106.741853,10.556423,22,35500
2019-11-01T19:29:00.000Z,106.741832,10.556655,22,35510
2019-11-01T19:29:11.000Z,106.741778,10.557277,22,35490
2019-11-01T19:29:20.000Z,106.74173,10.557777,22,35450
2019-11-01T19:29:22.000Z,106.741713,10.557945,22,35460
2019-11-01T19:29:26.000Z,106.741698,10.558115,22,35490
2019-11-01T19:29:32.000Z,106.741677,10.55845,22,35530
2019-11-01T19:29:38.000Z,106.741653,10.558793,22,35540
2019-11-01T19:29:44.000Z,106.741628,10.55913,22,35560
2019-11-01T19:30:02.000Z,106.741535,10.56013,22,35520
2019-11-01T19:30:05.000Z,106.74152,10.560298,22,35510
2019-11-01T19:30:11.000Z,106.741478,10.560633,22,35460
2019-11-01T19:30:13.000Z,106.741465,10.560803,22,35500
2019-11-01T19:30:20.000Z,106.74145,10.561145,22,35580
2019-11-01T19:30:25.000Z,106.741427,10.561485,22,35580
2019-11-01T19:30:32.000Z,106.741405,10.561822,22,35630
2019-11-01T19:30:38.000Z,106.741377,10.56216,22,35610
2019-11-01T19:30:44.000Z,106.741348,10.562498,22,35530
2019-11-01T19:30:47.000Z,106.741333,10.562668,22,35510
2019-11-01T19:30:55.000Z,106.741287,10.563173,22,35470
2019-11-01T19:31:02.000Z,106.741255,10.563513,22,35480
2019-11-01T19:31:13.000Z,106.741207,10.564187,22,35630
2019-11-01T19:31:22.000Z,106.741208,10.564518,22,35830
2019-11-01T19:31:25.000Z,106.741222,10.56485,22,90
2019-11-01T19:31:32.000Z,106.741247,10.565183,22,420
2019-11-01T19:31:44.000Z,106.74129,10.565513,22,670
2019-11-01T19:31:53.000Z,106.741432,10.566327,21,1030
2019-11-01T19:31:59.000Z,106.741508,10.566653,21,1150
2019-11-01T19:32:19.000Z,106.741763,10.5678,22,1250
2019-11-01T19:32:25.000Z,106.741842,10.568127,22,1350
2019-11-01T19:32:32.000Z,106.741922,10.568455,22,1330
2019-11-01T19:32:38.000Z,106.741997,10.568777,22,1340
2019-11-01T19:32:44.000Z,106.742077,10.569105,22,1410
2019-11-01T19:32:53.000Z,106.74218799999998,10.569597,22,1340
2019-11-01T19:32:59.000Z,106.742258,10.569912,22,1290
2019-11-01T19:33:11.000Z,106.742333,10.570235,22,1270
2019-11-01T19:33:19.000Z,106.74241,10.570557,22,1290
2019-11-01T19:33:26.000Z,106.742618,10.571355,21,1540
2019-11-01T19:33:32.000Z,106.742727,10.571667,21,1730
2019-11-01T19:33:38.000Z,106.742847,10.571965,21,1980
2019-11-01T19:33:44.000Z,106.742982,10.572258,21,2330
2019-11-01T19:33:56.000Z,106.743302,10.572807,20,3020
2019-11-01T19:34:02.000Z,106.743488,10.573047,20,3460
2019-11-01T19:34:13.000Z,106.74387,10.573467,20,4140
2019-11-01T19:34:19.000Z,106.744117,10.57373,20,4270
2019-11-01T19:34:26.000Z,106.744333,10.57395,20,4360
2019-11-01T19:34:32.000Z,106.744553,10.574163,20,4490
2019-11-01T19:34:38.000Z,106.74478,10.574373,20,4620
2019-11-01T19:34:50.000Z,106.745252,10.574758,20,5120
2019-11-01T19:34:55.000Z,106.745508,10.57493,20,5410
2019-11-01T19:35:11.000Z,106.746143,10.575365,20,5530
2019-11-01T19:35:16.000Z,106.746353,10.575505,20,5550
2019-11-01T19:35:19.000Z,106.746523,10.575615,20,5560
2019-11-01T19:35:26.000Z,106.746777,10.575787,20,5580
2019-11-01T19:35:32.000Z,106.747035,10.575963,20,5590
2019-11-01T19:35:50.000Z,106.74781000000002,10.576483,20,5620
2019-11-01T19:36:10.000Z,106.748613,10.576945,20,6110
2019-11-01T19:36:14.000Z,106.7489,10.577075,20,6280
2019-11-01T19:36:19.000Z,106.749178,10.577208,20,6440
2019-11-01T19:36:26.000Z,106.749468,10.577335,20,6580
2019-11-01T19:36:31.000Z,106.74971,10.577435,20,6710
2019-11-01T19:36:37.000Z,106.75005,10.577562,20,6880
2019-11-01T19:36:44.000Z,106.750348,10.577662,20,7030
2019-11-01T19:36:50.000Z,106.750643,10.577755,20,7180
2019-11-01T19:36:56.000Z,106.750938,10.577835,20,7340
2019-11-01T19:37:02.000Z,106.751235,10.577913,20,7530
2019-11-01T19:37:08.000Z,106.75154,10.577973,20,7760
2019-11-01T19:37:15.000Z,106.751845,10.578018,20,7950
2019-11-01T19:37:20.000Z,106.752152,10.578067,20,8080
2019-11-01T19:37:27.000Z,106.752455,10.578113,20,8140
2019-11-01T19:37:42.000Z,106.753218,10.578215,20,8310
2019-11-01T19:37:47.000Z,106.753528,10.578247,20,8390
2019-11-01T19:37:52.000Z,106.75378700000002,10.57826,20,8540
2019-11-01T19:37:56.000Z,106.753995,10.578268,20,8660
2019-11-01T19:38:08.000Z,106.75431,10.578283,20,8670
2019-11-01T19:38:19.000Z,106.754788,10.578302,20,8710
2019-11-01T19:38:32.000Z,106.755903,10.578355,20,8760
2019-11-01T19:38:49.000Z,106.756218,10.578365,20,8750
2019-11-01T19:39:02.000Z,106.757498,10.578437,21,8660
2019-11-01T19:39:08.000Z,106.75782,10.578448,21,8680
2019-11-01T19:39:14.000Z,106.75814,10.578462,21,8740
2019-11-01T19:39:20.000Z,106.758465,10.57847,21,8860
2019-11-01T19:39:26.000Z,106.758792,10.57846,21,9130
2019-11-01T19:39:33.000Z,106.759122,10.578435,21,9390
2019-11-01T19:39:37.000Z,106.759445,10.578403,21,9430
2019-11-01T19:39:44.000Z,106.759772,10.578375,21,9460
2019-11-01T19:39:50.000Z,106.7601,10.578335,21,9570
2019-11-01T19:39:56.000Z,106.760428,10.578305,21,9560
2019-11-01T19:40:01.000Z,106.760758,10.578275,21,9560
2019-11-01T19:40:14.000Z,106.761413,10.5782,21,9610
2019-11-01T19:40:20.000Z,106.761738,10.578163,21,9620
2019-11-01T19:40:26.000Z,106.762068,10.578128,21,9650
2019-11-01T19:40:32.000Z,106.762393,10.578098,21,9610
2019-11-01T19:40:38.000Z,106.762715,10.578057,21,9620
2019-11-01T19:40:45.000Z,106.76304,10.578022,21,9620
2019-11-01T19:40:50.000Z,106.76337,10.577992,21,9600
2019-11-01T19:41:02.000Z,106.764032,10.57791,22,9590
2019-11-01T19:41:05.000Z,106.764202,10.577893,22,9580
2019-11-01T19:41:07.000Z,106.764372,10.577877,22,9590
2019-11-01T19:41:15.000Z,106.76471200000002,10.577842,22,9590
2019-11-01T19:41:19.000Z,106.765053,10.577815,22,9580
2019-11-01T19:41:26.000Z,106.76538700000002,10.577788,22,9590
2019-11-01T19:41:32.000Z,106.765718,10.577753,22,9600
2019-11-01T19:41:35.000Z,106.765892,10.577735,22,9600
2019-11-01T19:41:38.000Z,106.766067,10.577718,22,9600
2019-11-01T19:41:44.000Z,106.766413,10.577687,22,9600
2019-11-01T19:41:50.000Z,106.766762,10.577642,22,9590
2019-11-01T19:41:53.000Z,106.766933,10.57762,22,9580
2019-11-01T19:41:59.000Z,106.767267,10.577592999999998,22,9550
2019-11-01T19:42:08.000Z,106.767778,10.577555,22,9520
2019-11-01T19:42:11.000Z,106.76795,10.57754,22,9510
2019-11-01T19:42:17.000Z,106.76828700000002,10.577513,22,9550
2019-11-01T19:42:22.000Z,106.76857,10.577477,22,9610
2019-11-01T19:42:26.000Z,106.7688,10.577448,22,9630
2019-11-01T19:42:32.000Z,106.76915,10.57741,22,9620
2019-11-01T19:42:38.000Z,106.7695,10.577373,22,9560
2019-11-01T19:42:41.000Z,106.769672,10.57736,22,9490
2019-11-01T19:42:44.000Z,106.769842,10.57735,22,9400
2019-11-01T19:42:47.000Z,106.770015,10.577343,22,9320
2019-11-01T19:42:50.000Z,106.770187,10.577338,22,9260
2019-11-01T19:42:52.000Z,106.770357,10.577333,22,9190
2019-11-01T19:43:05.000Z,106.771058,10.577358,22,8860
2019-11-01T19:43:08.000Z,106.771228,10.57737,22,8810
2019-11-01T19:43:22.000Z,106.772025,10.577448,22,8360
2019-11-01T19:43:31.000Z,106.7726,10.577548,22,7980
2019-11-01T19:43:43.000Z,106.773105,10.577658,22,7810
2019-11-01T19:43:51.000Z,106.773657,10.577798,22,7660
2019-11-01T19:44:01.000Z,106.774267,10.57796,22,7480
2019-11-01T19:44:11.000Z,106.774758,10.57811,22,7290
2019-11-01T19:44:32.000Z,106.77589,10.578538,22,6800
2019-11-01T19:44:41.000Z,106.776348,10.578755,22,6520
2019-11-01T19:44:51.000Z,106.776847,10.579017,22,6210
2019-11-01T19:45:02.000Z,106.777375,10.579337,22,5820
2019-11-01T19:45:11.000Z,106.777773,10.579635,22,5310
2019-11-01T19:45:22.000Z,106.778238,10.580022,21,5050
2019-11-01T19:45:54.000Z,106.779482,10.581052,22,4950
2019-11-01T19:46:01.000Z,106.779955,10.581478,22,4820
2019-11-01T19:46:19.000Z,106.780333,10.581838,22,4650
2019-11-01T19:47:04.000Z,106.781905,10.583493,22,4410
2019-11-01T19:47:15.000Z,106.782357,10.583943,22,4490
2019-11-01T19:47:27.000Z,106.783177,10.58509,22,2950
2019-11-01T19:47:58.000Z,106.78356,10.586632,20,830
2019-11-01T19:48:06.000Z,106.78359,10.586888,20,750
2019-11-01T19:48:28.000Z,106.783697,10.587948,20,610
2019-11-01T19:49:16.000Z,106.783812,10.5901,21,80
2019-11-01T19:49:34.000Z,106.783758,10.590908,21,35480
2019-11-01T19:49:41.000Z,106.783702,10.591228,21,35270
2019-11-01T19:49:49.000Z,106.78363799999998,10.591547,21,34970
2019-11-01T19:50:08.000Z,106.78292,10.59348,20,33600
2019-11-01T19:50:22.000Z,106.78271200000002,10.593915,20,33540
2019-11-01T19:50:26.000Z,106.782493,10.594343,21,33500
2019-11-01T19:50:39.000Z,106.782222,10.594925,21,33530
2019-11-01T19:50:53.000Z,106.781888,10.595678,21,33450
2019-11-01T19:51:02.000Z,106.781687,10.596122,21,33450
2019-11-01T19:51:08.000Z,106.78153799999998,10.59641,21,33460
2019-11-01T19:51:20.000Z,106.781262,10.597015,21,33610
2019-11-01T19:51:26.000Z,106.78112,10.597313,21,33580
2019-11-01T19:51:29.000Z,106.781045,10.597467,22,33560
2019-11-01T19:51:35.000Z,106.7809,10.597767,22,33480
2019-11-01T19:51:44.000Z,106.780675,10.598225,22,33390
2019-11-01T19:52:08.000Z,106.780022,10.599408,22,33020
2019-11-01T19:52:13.000Z,106.779935,10.599557,22,33000
2019-11-01T19:52:17.000Z,106.779752,10.599852,22,32950
2019-11-01T19:52:20.000Z,106.77966200000002,10.599997,22,32910
2019-11-01T19:52:26.000Z,106.77948700000002,10.600287,22,32890
2019-11-01T19:52:32.000Z,106.779313,10.600583,22,32920
2019-11-01T19:52:38.000Z,106.779135,10.600875,22,32900
2019-11-01T19:52:45.000Z,106.778963,10.601173,22,32940
2019-11-01T19:53:04.000Z,106.77861,10.601777,22,32940
2019-11-01T19:53:19.000Z,106.778262,10.602367,22,32930
2019-11-01T19:53:32.000Z,106.777545,10.603583,22,32920
2019-11-01T19:53:41.000Z,106.77727,10.604028,23,32890
2019-11-01T19:53:50.000Z,106.777005,10.604465,23,32890
2019-11-01T19:54:02.000Z,106.77664,10.605063,23,32870
2019-11-01T19:54:05.000Z,106.776547,10.60521,23,32890
2019-11-01T19:54:08.000Z,106.776455,10.605358,23,32910
2019-11-01T19:54:11.000Z,106.77636499999998,10.605507,23,32940
2019-11-01T19:54:14.000Z,106.776277,10.605657,23,32950
2019-11-01T19:54:20.000Z,106.776188,10.605813,23,32940
2019-11-01T19:54:26.000Z,106.77591,10.606282,23,32930
2019-11-01T19:54:32.000Z,106.77572,10.606595,23,32940
2019-11-01T19:54:38.000Z,106.775627,10.60675,23,32940
2019-11-01T19:54:41.000Z,106.775532,10.606905,23,32960
2019-11-01T19:54:44.000Z,106.775352,10.607212,23,33010
2019-11-01T19:54:47.000Z,106.775258,10.607368,23,33000
2019-11-01T19:54:50.000Z,106.775162,10.607525,23,32960
2019-11-01T19:54:52.000Z,106.775072,10.60768,23,32910
2019-11-01T19:54:56.000Z,106.774982,10.607832,23,32900
2019-11-01T19:55:08.000Z,106.774603,10.608448,23,32840
2019-11-01T19:55:14.000Z,106.774417,10.608755,23,32870
2019-11-01T19:55:17.000Z,106.774317,10.608908,23,32840
2019-11-01T19:55:20.000Z,106.774213,10.609063,23,32790
2019-11-01T19:55:23.000Z,106.77411200000002,10.609215,23,32780
2019-11-01T19:55:26.000Z,106.774015,10.609368,23,32790
2019-11-01T19:55:29.000Z,106.773922,10.609523,23,32860
2019-11-01T19:55:32.000Z,106.77383,10.609678,23,32960
2019-11-01T19:55:38.000Z,106.773657,10.609997,23,33060
2019-11-01T19:55:41.000Z,106.773572,10.610158,23,33140
2019-11-01T19:55:44.000Z,106.77348700000002,10.610322,23,33180
2019-11-01T19:55:49.000Z,106.773318,10.610645,23,33210
2019-11-01T19:55:53.000Z,106.77324,10.610808,23,33290
2019-11-01T19:55:56.000Z,106.77316,10.610973,23,33340
2019-11-01T19:55:59.000Z,106.773082,10.61114,23,33420
2019-11-01T19:56:02.000Z,106.773008,10.611303,23,33490
2019-11-01T19:56:11.000Z,106.772805,10.611805,23,33700
2019-11-01T19:56:14.000Z,106.772738,10.611977,23,33730
2019-11-01T19:56:19.000Z,106.77267,10.612145,23,33750
2019-11-01T19:56:25.000Z,106.772458,10.612632,23,33760
2019-11-01T19:56:31.000Z,106.772388,10.612793,23,33730
2019-11-01T19:56:37.000Z,106.772245,10.613123,23,33740
2019-11-01T19:56:41.000Z,106.772177,10.61329,23,33780
2019-11-01T19:56:45.000Z,106.772113,10.613457,23,33800
2019-11-01T19:56:48.000Z,106.772053,10.613618,23,33820
2019-11-01T19:56:52.000Z,106.771993,10.613783,23,33860
2019-11-01T19:57:01.000Z,106.771707,10.614625,23,34210
2019-11-01T19:57:26.000Z,106.7713,10.615977,23,34440
2019-11-01T19:57:47.000Z,106.770962,10.617145,22,34350
2019-11-01T19:57:50.000Z,106.770917,10.617315,22,34380
2019-11-01T19:57:52.000Z,106.770875,10.617483,22,34460
2019-11-01T19:57:56.000Z,106.770835,10.617655,22,34590
2019-11-01T19:57:58.000Z,106.770798,10.617827,22,34660
2019-11-01T19:58:02.000Z,106.770765,10.617997,22,34770
2019-11-01T19:58:04.000Z,106.77074,10.618167,22,34920
2019-11-01T19:58:08.000Z,106.770723,10.61834,22,35100
2019-11-01T19:58:14.000Z,106.7707,10.618688,22,35410
2019-11-01T19:58:18.000Z,106.770692,10.61886,22,35450
2019-11-01T19:58:28.000Z,106.770652,10.619425,22,35510
2019-11-01T19:58:40.000Z,106.770612,10.619983,22,35530
2019-11-01T19:58:47.000Z,106.770572,10.62055,22,35530
2019-11-01T19:59:15.000Z,106.770433,10.621728,22,35370
2019-11-01T19:59:28.000Z,106.770335,10.6228,22,35490
2019-11-01T19:59:37.000Z,106.770283,10.623363,22,35470
2019-11-01T19:59:47.000Z,106.770222,10.62392,22,35550
2019-11-01T19:59:57.000Z,106.770183,10.62448,22,35560
2019-11-01T20:00:08.000Z,106.770135,10.625082,22,35450
2019-11-01T20:00:17.000Z,106.770083,10.625587,22,35460
2019-11-01T20:00:27.000Z,106.770023,10.626153,22,35470
2019-11-01T20:00:37.000Z,106.76996499999998,10.626705,22,35460
2019-11-01T20:00:47.000Z,106.76991,10.627268,22,35460
2019-11-01T20:00:57.000Z,106.769853,10.627832,22,35440
2019-11-01T20:01:08.000Z,106.769793,10.628452,22,35470
2019-11-01T20:01:17.000Z,106.769745,10.628958,22,35500
2019-11-01T20:01:27.000Z,106.769695,10.629517,22,35450
2019-11-01T20:01:37.000Z,106.769642,10.63008,22,35420
2019-11-01T20:01:46.000Z,106.76958799999998,10.630592,22,35400
2019-11-01T20:02:07.000Z,106.769453,10.63183,22,35330
2019-11-01T20:02:17.000Z,106.769383,10.632333,22,35330
2019-11-01T20:02:27.000Z,106.769303,10.632952,22,35320
2019-11-01T20:03:27.000Z,106.768788,10.63636,22,34600
2019-11-01T20:03:34.000Z,106.768698,10.636635,22,34400
2019-11-01T20:03:39.000Z,106.76859,10.636962,22,34200
2019-11-01T20:03:43.000Z,106.768508,10.637178,22,34050
2019-11-01T20:03:46.000Z,106.768443,10.637335,22,33980
2019-11-01T20:03:50.000Z,106.768353,10.637538,22,33820
2019-11-01T20:03:53.000Z,106.76828,10.63769,22,33700
2019-11-01T20:03:58.000Z,106.768155,10.637945,22,33490
2019-11-01T20:04:13.000Z,106.767695,10.638653,22,32620
2019-11-01T20:04:17.000Z,106.767555,10.638823,21,32380
2019-11-01T20:04:27.000Z,106.767175,10.639208,21,31560
2019-11-01T20:04:37.000Z,106.76688500000002,10.639437,20,31000
2019-11-01T20:04:41.000Z,106.766583,10.639637,20,30620
2019-11-01T20:04:53.000Z,106.76618,10.639858,20,30060
2019-11-01T20:04:58.000Z,106.765815,10.640042,19,29770
2019-11-01T20:05:06.000Z,106.765455,10.640218,19,29610
2019-11-01T20:05:17.000Z,106.76493700000002,10.640427,19,29310
2019-11-01T20:05:27.000Z,106.764463,10.640623,20,29250
2019-11-01T20:05:37.000Z,106.764002,10.640817,20,29340
2019-11-01T20:05:46.000Z,106.763582,10.641005,20,29390
2019-11-01T20:05:58.000Z,106.76302,10.641267,20,29510
2019-11-01T20:06:06.000Z,106.76265,10.641438,20,29490
2019-11-01T20:06:16.000Z,106.762128,10.641672,20,29430
2019-11-01T20:06:27.000Z,106.761655,10.641885,20,29450
2019-11-01T20:06:37.000Z,106.761185,10.642113,20,29570
2019-11-01T20:06:46.000Z,106.760758,10.64232,20,29540
2019-11-01T20:06:57.000Z,106.76023700000002,10.642558,20,29490
2019-11-01T20:07:06.000Z,106.759813,10.642755,20,29470
2019-11-01T20:07:16.000Z,106.759293,10.642997,20,29480
2019-11-01T20:07:27.000Z,106.758833,10.643223,20,29560
2019-11-01T20:07:46.000Z,106.757938,10.643658,20,29690
2019-11-01T20:08:17.000Z,106.756455,10.644355,20,29510
2019-11-01T20:08:27.000Z,106.755985,10.644578,20,29540
2019-11-01T20:08:58.000Z,106.754573,10.64524,20,29580
2019-11-01T20:09:06.000Z,106.754148,10.645445,20,29550
2019-11-01T20:09:24.000Z,106.75364,10.645685,20,29480
2019-11-01T20:09:46.000Z,106.752303,10.646267,19,29380
2019-11-01T20:09:57.000Z,106.751815,10.646507,19,29730
2019-11-01T20:10:06.000Z,106.75143,10.646733,19,29930
2019-11-01T20:10:14.000Z,106.751093,10.646963,19,30210
2019-11-01T20:10:19.000Z,106.750848,10.64713,19,30360
2019-11-01T20:10:26.000Z,106.750605,10.647298,19,30430
2019-11-01T20:10:33.000Z,106.750362,10.64746,19,30410
2019-11-01T20:10:38.000Z,106.750155,10.64759,19,30420
2019-11-01T20:10:44.000Z,106.749875,10.647782,19,30490
2019-11-01T20:10:50.000Z,106.74964,10.647953,19,30520
2019-11-01T20:10:55.000Z,106.749403,10.648117999999998,19,30500
2019-11-01T20:11:02.000Z,106.749163,10.648282,19,30460
2019-11-01T20:11:12.000Z,106.748928,10.648437,19,30380
2019-11-01T20:11:19.000Z,106.748443,10.648743,18,30260
2019-11-01T20:11:26.000Z,106.7482,10.648892,18,30250
2019-11-01T20:11:32.000Z,106.747967,10.649055,18,30380
2019-11-01T20:11:50.000Z,106.747278,10.649567,18,30730
2019-11-01T20:11:56.000Z,106.747058,10.649732,18,30750
2019-11-01T20:12:02.000Z,106.746847,10.64991,18,30840
2019-11-01T20:12:08.000Z,106.746637,10.65009,18,30900
2019-11-01T20:12:14.000Z,106.746422,10.650265,18,30960
2019-11-01T20:12:20.000Z,106.746203,10.650437,18,30940
2019-11-01T20:12:29.000Z,106.745873,10.650693,17,30850
2019-11-01T20:12:35.000Z,106.745653,10.650865,17,30830
2019-11-01T20:12:44.000Z,106.74533,10.651107,17,30760
2019-11-01T20:12:50.000Z,106.74512,10.651273,17,30840
2019-11-01T20:12:56.000Z,106.744918,10.651447,17,30930
2019-11-01T20:13:02.000Z,106.74472,10.651622,17,31080
2019-11-01T20:13:08.000Z,106.744528,10.651803,17,31270
2019-11-01T20:13:20.000Z,106.74416,10.65217,17,31390
2019-11-01T20:13:26.000Z,106.74397,10.652348,17,31350
2019-11-01T20:13:32.000Z,106.743775,10.652528,17,31290
2019-11-01T20:13:49.000Z,106.743203,10.65306,16,31390
2019-11-01T20:13:56.000Z,106.743023,10.65325,16,31540
2019-11-01T20:14:02.000Z,106.742857,10.653435,16,31640
2019-11-01T20:14:08.000Z,106.742698,10.653627,16,31810
2019-11-01T20:14:14.000Z,106.74253,10.653812,16,31900
2019-11-01T20:14:20.000Z,106.742362,10.653995,16,31850
2019-11-01T20:14:26.000Z,106.742207,10.654185,16,31900
2019-11-01T20:14:32.000Z,106.74204,10.65437,16,31880
2019-11-01T20:14:38.000Z,106.741868,10.654552,16,31810
2019-11-01T20:14:44.000Z,106.741705,10.654745,16,31840
2019-11-01T20:14:59.000Z,106.741315,10.65521,16,32010
2019-11-01T20:15:05.000Z,106.74116200000002,10.6554,16,32070
2019-11-01T20:15:12.000Z,106.741013,10.655587,16,32150
2019-11-01T20:15:19.000Z,106.740793,10.65588,16,32280
2019-11-01T20:15:26.000Z,106.74065,10.656078,16,32350
2019-11-01T20:15:31.000Z,106.740505,10.656283,16,32450
2019-11-01T20:15:39.000Z,106.740363,10.65649,16,32530
2019-11-01T20:15:43.000Z,106.740248,10.656667,16,32610
2019-11-01T20:15:50.000Z,106.740085,10.656915,16,32720
2019-11-01T20:15:59.000Z,106.739887,10.65724,16,32860
2019-11-01T20:16:08.000Z,106.739683,10.657578,16,33010
2019-11-01T20:16:14.000Z,106.73956499999998,10.657802,16,33110
2019-11-01T20:16:20.000Z,106.739447,10.658033,17,33210
2019-11-01T20:16:29.000Z,106.739277,10.658378,17,33360
2019-11-01T20:16:35.000Z,106.739167,10.65862,17,33480
2019-11-01T20:16:43.000Z,106.739037,10.65894,17,33650
2019-11-01T20:16:48.000Z,106.73897,10.659102,17,33720
2019-11-01T20:16:54.000Z,106.738873,10.65935,17,33810
2019-11-01T20:16:59.000Z,106.738777,10.659605,17,33930
2019-11-01T20:17:14.000Z,106.738572,10.660238,17,34250
2019-11-01T20:17:20.000Z,106.738502,10.660488,17,34420
2019-11-01T20:17:26.000Z,106.73843,10.660748,17,34560
2019-11-01T20:17:44.000Z,106.73828,10.661547,17,34990
2019-11-01T20:17:56.000Z,106.738208,10.66209,17,35250
2019-11-01T20:18:19.000Z,106.738127,10.66316,17,35710
2019-11-01T20:18:26.000Z,106.738127,10.663433,17,35920
2019-11-01T20:18:32.000Z,106.738135,10.663698,17,180
2019-11-01T20:18:38.000Z,106.738168,10.66396,17,510
2019-11-01T20:18:59.000Z,106.73833700000002,10.664717,17,1430
2019-11-01T20:19:09.000Z,106.738457,10.665087,16,1820
2019-11-01T20:19:14.000Z,106.738615,10.665433,16,2210
2019-11-01T20:19:20.000Z,106.73873,10.665652,16,2450
2019-11-01T20:19:32.000Z,106.738973,10.666103,16,2960
2019-11-01T20:19:41.000Z,106.73918700000002,10.666417,16,3330
2019-11-01T20:19:50.000Z,106.739423,10.666723,16,3710
2019-11-01T20:19:56.000Z,106.739593,10.666907,16,3950
2019-11-01T20:20:05.000Z,106.739848,10.667178,16,4310
2019-11-01T20:20:14.000Z,106.740117,10.667443,16,4660
2019-11-01T20:20:26.000Z,106.740513,10.667753,16,5130
2019-11-01T20:20:32.000Z,106.740717,10.667897,16,5350
2019-11-01T20:20:41.000Z,106.741035,10.668093,16,5680
2019-11-01T20:20:46.000Z,106.741253,10.668217,16,5900
2019-11-01T20:20:51.000Z,106.74144,10.668313,16,6080
2019-11-01T20:21:04.000Z,106.741813,10.668493,16,6430
2019-11-01T20:21:08.000Z,106.742042,10.668595,16,6610
2019-11-01T20:21:38.000Z,106.743222,10.668947,16,7820
2019-11-01T20:21:43.000Z,106.74346,10.668983,16,8050
2019-11-01T20:21:53.000Z,106.743827,10.669007,15,8580
2019-11-01T20:22:02.000Z,106.744203,10.669012,16,8920
2019-11-01T20:22:11.000Z,106.744582,10.668995,16,9130
2019-11-01T20:22:22.000Z,106.745028,10.668972,16,9240
2019-11-01T20:22:31.000Z,106.7454,10.668957,16,9350
2019-11-01T20:22:41.000Z,106.745878,10.668918,16,9440
2019-11-01T20:23:01.000Z,106.74673500000002,10.668833,16,9540
2019-11-01T20:23:23.000Z,106.747597,10.668762,17,9520
2019-11-01T20:23:42.000Z,106.748468,10.668648,17,9820
2019-11-01T20:24:22.000Z,106.750233,10.668277,17,10220
2019-11-01T20:24:31.000Z,106.750627,10.6682,17,10200
2019-11-01T20:24:42.000Z,106.751113,10.668113,17,10110
2019-11-01T20:25:01.000Z,106.75195,10.667937,17,10180
2019-11-01T20:25:42.000Z,106.753732,10.667415,17,10860
2019-11-01T20:25:53.000Z,106.754075,10.667295,17,10920
2019-11-01T20:26:01.000Z,106.754545,10.667118,17,10960
2019-11-01T20:26:12.000Z,106.755027,10.666942,17,11060
2019-11-01T20:26:21.000Z,106.755357,10.666817,17,11070
2019-11-01T20:26:31.000Z,106.755827,10.66665,17,11030
2019-11-01T20:26:42.000Z,106.75631,10.666478,17,10940
2019-11-01T20:27:00.000Z,106.75714,10.66618,18,11020
2019-11-01T20:27:12.000Z,106.75761,10.666005,18,11150
2019-11-01T20:27:20.000Z,106.757992,10.665852,18,11090
2019-11-01T20:27:42.000Z,106.758913,10.665562,18,10760
2019-11-01T20:27:50.000Z,106.759268,10.665453,18,10680
2019-11-01T20:28:01.000Z,106.75977,10.665293,18,10610
2019-11-01T20:28:21.000Z,106.760632,10.66506,18,10550
2019-11-01T20:28:30.000Z,106.761143,10.664918,18,10530
2019-11-01T20:28:41.000Z,106.761603,10.664797,18,10560
2019-11-01T20:29:00.000Z,106.7625,10.664535,19,10660
2019-11-01T20:29:14.000Z,106.763078,10.664368,19,10640
2019-11-01T20:29:21.000Z,106.763462,10.664263,19,10580
2019-11-01T20:29:41.000Z,106.764488,10.66403,19,10170
2019-11-01T20:29:48.000Z,106.764835,10.663967,19,9990
2019-11-01T20:29:53.000Z,106.76508,10.663932,19,9840
2019-11-01T20:29:57.000Z,106.765277,10.663918,19,9710
2019-11-01T20:30:09.000Z,106.765825,10.663885,19,9360
2019-11-01T20:30:11.000Z,106.766028,10.66388,19,9240
2019-11-01T20:30:25.000Z,106.766682,10.663897,19,8810
2019-11-01T20:30:34.000Z,106.767182,10.663955,19,8360
2019-11-01T20:30:42.000Z,106.767468,10.664027,19,7800
2019-11-01T20:30:44.000Z,106.767647,10.66409,19,7500
2019-11-01T20:30:50.000Z,106.767858,10.664187,18,6830
2019-11-01T20:30:54.000Z,106.768017,10.664277,18,6460
2019-11-01T20:31:00.000Z,106.768235,10.66443,17,5810
2019-11-01T20:31:05.000Z,106.768377,10.664533,17,5580
2019-11-01T20:31:08.000Z,106.768517,10.66464,17,5400
2019-11-01T20:31:14.000Z,106.768727,10.664803,17,5310
2019-11-01T20:31:20.000Z,106.768935,10.664958,17,5330
2019-11-01T20:31:29.000Z,106.769252,10.665188,17,5240
2019-11-01T20:31:37.000Z,106.769565,10.665438,17,5210
2019-11-01T20:31:44.000Z,106.769777,10.665603,17,5120
2019-11-01T20:31:56.000Z,106.77019,10.665955,17,4990
2019-11-01T20:32:03.000Z,106.770402,10.666133,17,4940
2019-11-01T20:32:08.000Z,106.770612,10.666313,18,4950
2019-11-01T20:32:17.000Z,106.77092,10.66659,18,4800
2019-11-01T20:32:23.000Z,106.771125,10.666783,18,4720
2019-11-01T20:32:28.000Z,106.771325,10.666983,18,4530
2019-11-01T20:32:38.000Z,106.771598,10.667297,18,4180
2019-11-01T20:32:44.000Z,106.77177,10.667512,18,3940
2019-11-01T20:32:50.000Z,106.771933,10.667735,18,3750
2019-11-01T20:32:56.000Z,106.7721,10.667963,18,3560
2019-11-01T20:33:02.000Z,106.772253,10.668202,18,3380
2019-11-01T20:33:09.000Z,106.77239,10.668443,18,3090
2019-11-01T20:33:14.000Z,106.77251,10.668683,18,2820
2019-11-01T20:33:20.000Z,106.772612,10.668935,18,2500
2019-11-01T20:33:26.000Z,106.772702,10.669188,17,2220
2019-11-01T20:33:38.000Z,106.772855,10.669708,17,1510
2019-11-01T20:33:44.000Z,106.772892,10.66997,17,1080
