timestamp,longitude,latitude,speed,direction
2019-01-01T00:44:03.000Z,125.237138,24.261965,26,5660
2019-01-01T00:44:03.000Z,125.237138,24.261965,26,5660
2019-01-01T00:44:03.000Z,125.237138,24.261965,26,5660
2019-01-01T00:49:28.000Z,125.255853,24.273952,25,5510
2019-01-01T00:49:28.000Z,125.255853,24.273952,25,5510
2019-01-01T00:49:28.000Z,125.255853,24.273952,25,5510
2019-01-01T00:53:10.000Z,125.269063,24.282297,25,5410
2019-01-01T00:53:10.000Z,125.269063,24.282297,25,5410
2019-01-01T00:53:10.000Z,125.269063,24.282297,25,5410
2019-01-01T00:57:04.000Z,125.282378,24.291065,26,5600
2019-01-01T00:57:04.000Z,125.282378,24.291065,26,5600
2019-01-01T00:57:04.000Z,125.282378,24.291065,26,5600
2019-01-01T01:00:39.000Z,125.294858,24.299302,25,5480
2019-01-01T01:00:39.000Z,125.294858,24.299302,25,5480
2019-01-01T01:00:39.000Z,125.294858,24.299302,25,5480
2019-01-01T01:05:16.000Z,125.310905,24.30975,25,5320
2019-01-01T01:05:16.000Z,125.310905,24.30975,25,5320
2019-01-01T01:05:16.000Z,125.310905,24.30975,25,5320
2019-01-01T01:08:51.000Z,125.323095,24.317732,25,5520
2019-01-01T01:08:51.000Z,125.323095,24.317732,25,5520
2019-01-01T01:08:51.000Z,125.323095,24.317732,25,5520
2019-01-01T01:12:52.000Z,125.336875,24.32676,26,5480
2019-01-01T01:12:52.000Z,125.336875,24.32676,26,5480
2019-01-01T01:12:52.000Z,125.336875,24.32676,26,5480
2019-01-01T01:13:40.000Z,125.339633,24.328562,25,5410
2019-01-01T01:13:40.000Z,125.339633,24.328562,25,5410
2019-01-01T01:13:40.000Z,125.339633,24.328562,25,5410
2019-01-01T02:04:40.000Z,125.51725,24.442928,26,5490
2019-01-01T02:04:40.000Z,125.51725,24.442928,26,5490
2019-01-01T02:04:40.000Z,125.51725,24.442928,26,5490
2019-01-01T02:07:27.000Z,125.52707,24.449128,26,5620
2019-01-01T02:07:27.000Z,125.52707,24.449128,26,5620
2019-01-01T02:07:27.000Z,125.52707,24.449128,26,5620
2019-01-01T02:13:04.000Z,125.54678,24.46166,26,5500
2019-01-01T02:13:04.000Z,125.54678,24.46166,26,5500
2019-01-01T02:13:04.000Z,125.54678,24.46166,26,5500
2019-01-01T02:15:04.000Z,125.553542,24.466057,24,5150
2019-01-01T02:15:04.000Z,125.553542,24.466057,24,5150
2019-01-01T02:15:04.000Z,125.553542,24.466057,24,5150
2019-01-01T02:19:51.000Z,125.57004,24.47698,26,5440
2019-01-01T02:19:51.000Z,125.57004,24.47698,26,5440
2019-01-01T02:19:51.000Z,125.57004,24.47698,26,5440
2019-01-01T02:23:57.000Z,125.584218,24.486162,24,5760
2019-01-01T02:23:57.000Z,125.584218,24.486162,24,5760
2019-01-01T02:23:57.000Z,125.584218,24.486162,24,5760
2019-01-01T02:28:27.000Z,125.599443,24.496103,26,5450
2019-01-01T02:28:27.000Z,125.599443,24.496103,26,5450
2019-01-01T02:28:27.000Z,125.599443,24.496103,26,5450
2019-01-01T02:32:28.000Z,125.613348,24.505168,27,5630
2019-01-01T02:32:28.000Z,125.613348,24.505168,27,5630
2019-01-01T02:32:28.000Z,125.613348,24.505168,27,5630
2019-01-01T02:36:58.000Z,125.628958,24.515362,25,5470
2019-01-01T02:36:58.000Z,125.628958,24.515362,25,5470
2019-01-01T02:36:58.000Z,125.628958,24.515362,25,5470
2019-01-01T02:40:34.000Z,125.641213,24.523515,25,5120
2019-01-01T02:40:34.000Z,125.641213,24.523515,25,5120
2019-01-01T02:40:34.000Z,125.641213,24.523515,25,5120
2019-01-01T02:44:33.000Z,125.654717,24.532613,24,5510
2019-01-01T02:44:33.000Z,125.654717,24.532613,24,5510
2019-01-01T02:44:33.000Z,125.654717,24.532613,24,5510
2019-01-01T02:48:16.000Z,125.667728,24.541125,27,5570
2019-01-01T02:48:16.000Z,125.667728,24.541125,27,5570
2019-01-01T02:48:16.000Z,125.667728,24.541125,27,5570
2019-01-01T02:52:34.000Z,125.682673,24.550755,23,5250
2019-01-01T02:52:34.000Z,125.682673,24.550755,23,5250
2019-01-01T02:52:34.000Z,125.682673,24.550755,23,5250
2019-01-01T02:56:39.000Z,125.696548,24.559817,26,5440
2019-01-01T02:56:39.000Z,125.696548,24.559817,26,5440
2019-01-01T02:56:39.000Z,125.696548,24.559817,26,5440
2019-01-01T03:00:45.000Z,125.710788,24.569303,25,5440
2019-01-01T03:00:45.000Z,125.710788,24.569303,25,5440
2019-01-01T03:00:45.000Z,125.710788,24.569303,25,5440
2019-01-01T03:04:40.000Z,125.72433,24.578078,26,5430
2019-01-01T03:04:40.000Z,125.72433,24.578078,26,5430
2019-01-01T03:04:40.000Z,125.72433,24.578078,26,5430
2019-01-01T03:08:45.000Z,125.738217,24.586972,25,5440
2019-01-01T03:08:45.000Z,125.738217,24.586972,25,5440
2019-01-01T03:08:45.000Z,125.738217,24.586972,25,5440
2019-01-01T03:12:45.000Z,125.751693,24.59563,25,5420
2019-01-01T03:12:45.000Z,125.751693,24.59563,25,5420
2019-01-01T03:12:45.000Z,125.751693,24.59563,25,5420
2019-01-01T03:17:03.000Z,125.766437,24.605108,25,5170
2019-01-01T03:17:03.000Z,125.766437,24.605108,25,5170
2019-01-01T03:17:03.000Z,125.766437,24.605108,25,5170
2019-01-01T03:18:09.000Z,125.770273,24.607648,26,5730
2019-01-01T03:18:09.000Z,125.770273,24.607648,26,5730
2019-01-01T03:18:09.000Z,125.770273,24.607648,26,5730
2019-01-01T03:20:21.000Z,125.77793,24.612675,25,5510
2019-01-01T03:20:21.000Z,125.77793,24.612675,25,5510
2019-01-01T03:20:21.000Z,125.77793,24.612675,25,5510
2019-01-01T03:22:03.000Z,125.783777,24.616482,25,5460
2019-01-01T03:22:03.000Z,125.783777,24.616482,25,5460
2019-01-01T03:22:03.000Z,125.783777,24.616482,25,5460
2019-01-01T03:24:27.000Z,125.792007,24.621825,25,5080
2019-01-01T03:24:27.000Z,125.792007,24.621825,25,5080
2019-01-01T03:24:27.000Z,125.792007,24.621825,25,5080
2019-01-01T04:38:56.000Z,126.048587,24.792533,25,5270
2019-01-01T04:38:56.000Z,126.048587,24.792533,25,5270
2019-01-01T04:38:56.000Z,126.048587,24.792533,25,5270
2019-01-01T10:48:58.000Z,127.417683,25.62493,28,6260
2019-01-01T10:48:58.000Z,127.417683,25.62493,28,6260
2019-01-01T10:48:58.000Z,127.417683,25.62493,28,6260
2019-01-01T10:52:28.000Z,127.432395,25.632083,29,6320
2019-01-01T10:52:28.000Z,127.432395,25.632083,29,6320
2019-01-01T10:52:28.000Z,127.432395,25.632083,29,6320
2019-01-01T10:56:21.000Z,127.44821,25.640758,28,5580
2019-01-01T10:56:21.000Z,127.44821,25.640758,28,5580
2019-01-01T10:56:21.000Z,127.44821,25.640758,28,5580
2019-01-01T11:00:21.000Z,127.463855,25.650245,27,5650
2019-01-01T11:00:21.000Z,127.463855,25.650245,27,5650
2019-01-01T11:00:21.000Z,127.463855,25.650245,27,5650
2019-01-01T11:04:21.000Z,127.47957,25.659642,28,5650
2019-01-01T11:04:21.000Z,127.47957,25.659642,28,5650
2019-01-01T11:04:21.000Z,127.47957,25.659642,28,5650
2019-01-01T11:08:34.000Z,127.495938,25.669982,28,5470
2019-01-01T11:08:34.000Z,127.495938,25.669982,28,5470
2019-01-01T11:08:34.000Z,127.495938,25.669982,28,5470
2019-01-01T11:12:46.000Z,127.512227,25.680593,29,5260
2019-01-01T11:12:46.000Z,127.512227,25.680593,29,5260
2019-01-01T11:12:46.000Z,127.512227,25.680593,29,5260
2019-01-01T11:16:09.000Z,127.52572,25.689247,29,5550
2019-01-01T11:16:09.000Z,127.52572,25.689247,29,5550
2019-01-01T11:16:09.000Z,127.52572,25.689247,29,5550
2019-01-01T11:20:27.000Z,127.542845,25.700015,28,5440
2019-01-01T11:20:27.000Z,127.542845,25.700015,28,5440
2019-01-01T11:20:27.000Z,127.542845,25.700015,28,5440
2019-01-01T11:24:28.000Z,127.558737,25.710185,29,5490
2019-01-01T11:24:28.000Z,127.558737,25.710185,29,5490
2019-01-01T11:24:28.000Z,127.558737,25.710185,29,5490
2019-01-01T11:28:57.000Z,127.576532,25.721782,29,5360
2019-01-01T11:28:57.000Z,127.576532,25.721782,29,5360
2019-01-01T11:28:57.000Z,127.576532,25.721782,29,5360
2019-01-01T11:34:21.000Z,127.597782,25.736037,29,5270
2019-01-01T11:34:21.000Z,127.597782,25.736037,29,5270
2019-01-01T11:34:21.000Z,127.597782,25.736037,29,5270
2019-01-01T11:38:22.000Z,127.613478,25.747073,29,5150
2019-01-01T11:38:22.000Z,127.613478,25.747073,29,5150
2019-01-01T11:38:22.000Z,127.613478,25.747073,29,5150
2019-01-01T11:42:40.000Z,127.63026,25.758902,29,5230
2019-01-01T11:42:40.000Z,127.63026,25.758902,29,5230
2019-01-01T11:42:40.000Z,127.63026,25.758902,29,5230
2019-01-01T11:46:15.000Z,127.644205,25.76892,29,5180
2019-01-01T11:46:15.000Z,127.644205,25.76892,29,5180
2019-01-01T11:46:15.000Z,127.644205,25.76892,29,5180
2019-01-01T11:50:21.000Z,127.660158,25.780465,29,5070
2019-01-01T11:50:21.000Z,127.660158,25.780465,29,5070
2019-01-01T11:50:21.000Z,127.660158,25.780465,29,5070
2019-01-01T11:54:21.000Z,127.675808,25.791802,30,5130
2019-01-01T11:54:21.000Z,127.675808,25.791802,30,5130
2019-01-01T11:54:21.000Z,127.675808,25.791802,30,5130
2019-01-01T11:58:15.000Z,127.691022,25.80305,30,4980
2019-01-01T11:58:15.000Z,127.691022,25.80305,30,4980
2019-01-01T11:58:15.000Z,127.691022,25.80305,30,4980
2019-01-01T12:02:57.000Z,127.709383,25.816698,30,5070
2019-01-01T12:02:57.000Z,127.709383,25.816698,30,5070
2019-01-01T12:02:57.000Z,127.709383,25.816698,30,5070
2019-01-01T12:06:34.000Z,127.722493,25.828127,30,4390
2019-01-01T12:06:34.000Z,127.722493,25.828127,30,4390
2019-01-01T12:06:34.000Z,127.722493,25.828127,30,4390
2019-01-01T12:10:28.000Z,127.735737,25.841027,29,4090
2019-01-01T12:10:28.000Z,127.735737,25.841027,29,4090
2019-01-01T12:10:28.000Z,127.735737,25.841027,29,4090
2019-01-01T12:14:21.000Z,127.74847,25.854293,29,4100
2019-01-01T12:14:21.000Z,127.74847,25.854293,29,4100
2019-01-01T12:14:21.000Z,127.74847,25.854293,29,4100
2019-01-01T12:18:10.000Z,127.760752,25.86722,29,3860
2019-01-01T12:18:10.000Z,127.760752,25.86722,29,3860
2019-01-01T12:18:10.000Z,127.760752,25.86722,29,3860
2019-01-01T12:22:21.000Z,127.773942,25.88156,29,4040
2019-01-01T12:22:21.000Z,127.773942,25.88156,29,4040
2019-01-01T12:22:21.000Z,127.773942,25.88156,29,4040
2019-01-01T12:26:46.000Z,127.787993,25.896455,29,4160
2019-01-01T12:26:46.000Z,127.787993,25.896455,29,4160
2019-01-01T12:26:46.000Z,127.787993,25.896455,29,4160
2019-01-01T12:30:39.000Z,127.800325,25.909548,29,4260
2019-01-01T12:30:39.000Z,127.800325,25.909548,29,4260
2019-01-01T12:30:39.000Z,127.800325,25.909548,29,4260
2019-01-01T12:33:51.000Z,127.81074,25.920113,29,4130
2019-01-01T12:33:51.000Z,127.81074,25.920113,29,4130
2019-01-01T12:33:51.000Z,127.81074,25.920113,29,4130
2019-01-01T12:38:28.000Z,127.825555,25.935422,29,4120
2019-01-01T12:38:28.000Z,127.825555,25.935422,29,4120
2019-01-01T12:38:28.000Z,127.825555,25.935422,29,4120
2019-01-01T12:42:40.000Z,127.838858,25.949413,28,4000
2019-01-01T12:42:40.000Z,127.838858,25.949413,28,4000
2019-01-01T12:42:40.000Z,127.838858,25.949413,28,4000
2019-01-01T12:46:34.000Z,127.851275,25.962247,29,4510
2019-01-01T12:46:34.000Z,127.851275,25.962247,29,4510
2019-01-01T12:46:34.000Z,127.851275,25.962247,29,4510
2019-01-01T12:50:58.000Z,127.866082,25.975802,28,4100
2019-01-01T12:50:58.000Z,127.866082,25.975802,28,4100
2019-01-01T12:50:58.000Z,127.866082,25.975802,28,4100
2019-01-01T12:54:16.000Z,127.876607,25.986433,28,4080
2019-01-01T12:54:16.000Z,127.876607,25.986433,28,4080
2019-01-01T12:54:16.000Z,127.876607,25.986433,28,4080
2019-01-01T12:58:16.000Z,127.889575,25.999498000000006,29,4340
2019-01-01T12:58:16.000Z,127.889575,25.999498000000006,29,4340
2019-01-01T12:58:16.000Z,127.889575,25.999498000000006,29,4340
2019-01-01T13:03:21.000Z,127.906338,26.016063,29,4320
2019-01-01T13:03:21.000Z,127.906338,26.016063,29,4320
2019-01-01T13:03:21.000Z,127.906338,26.016063,29,4320
2019-01-01T13:06:28.000Z,127.916578,26.026212,29,4220
2019-01-01T13:06:28.000Z,127.916578,26.026212,29,4220
2019-01-01T13:06:28.000Z,127.916578,26.026212,29,4220
2019-01-01T13:10:33.000Z,127.930258,26.039563,29,4210
2019-01-01T13:10:33.000Z,127.930258,26.039563,29,4210
2019-01-01T13:10:33.000Z,127.930258,26.039563,29,4210
2019-01-01T13:14:45.000Z,127.944365,26.053218,29,4340
2019-01-01T13:14:45.000Z,127.944365,26.053218,29,4340
2019-01-01T13:14:45.000Z,127.944365,26.053218,29,4340
2019-01-01T13:18:34.000Z,127.95663,26.065943,29,3970
2019-01-01T13:18:34.000Z,127.95663,26.065943,29,3970
2019-01-01T13:18:34.000Z,127.95663,26.065943,29,3970
2019-01-01T13:22:39.000Z,127.969628,26.079797,29,3890
2019-01-01T13:22:39.000Z,127.969628,26.079797,29,3890
2019-01-01T13:22:39.000Z,127.969628,26.079797,29,3890
2019-01-01T13:26:28.000Z,127.980975,26.093205,29,3460
2019-01-01T13:26:28.000Z,127.980975,26.093205,29,3460
2019-01-01T13:26:28.000Z,127.980975,26.093205,29,3460
2019-01-01T13:30:52.000Z,127.99371,26.109223,29,3580
2019-01-01T13:30:52.000Z,127.99371,26.109223,29,3580
2019-01-01T13:30:52.000Z,127.99371,26.109223,29,3580
2019-01-01T13:34:22.000Z,128.003803,26.121895,29,3620
2019-01-01T13:34:22.000Z,128.003803,26.121895,29,3620
2019-01-01T13:34:22.000Z,128.003803,26.121895,29,3620
2019-01-01T13:38:27.000Z,128.015593,26.136903,30,3640
2019-01-01T13:38:27.000Z,128.015593,26.136903,30,3640
2019-01-01T13:38:27.000Z,128.015593,26.136903,30,3640
2019-01-01T13:42:28.000Z,128.02715700000002,26.151727,30,3490
2019-01-01T13:42:28.000Z,128.02715700000002,26.151727,30,3490
2019-01-01T13:42:28.000Z,128.02715700000002,26.151727,30,3490
2019-01-01T13:46:45.000Z,128.039673,26.167692,31,3610
2019-01-01T13:46:45.000Z,128.039673,26.167692,31,3610
2019-01-01T13:46:45.000Z,128.039673,26.167692,31,3610
2019-01-01T13:50:21.000Z,128.05053700000002,26.181197,30,3580
2019-01-01T13:50:21.000Z,128.05053700000002,26.181197,30,3580
2019-01-01T13:50:21.000Z,128.05053700000002,26.181197,30,3580
2019-01-01T13:54:33.000Z,128.063323,26.196768,30,3650
2019-01-01T13:54:33.000Z,128.063323,26.196768,30,3650
2019-01-01T13:54:33.000Z,128.063323,26.196768,30,3650
2019-01-01T13:58:22.000Z,128.075105,26.211055,31,3640
2019-01-01T13:58:22.000Z,128.075105,26.211055,31,3640
2019-01-01T13:58:22.000Z,128.075105,26.211055,31,3640
2019-01-01T14:02:57.000Z,128.089305,26.228143,31,3690
2019-01-01T14:02:57.000Z,128.089305,26.228143,31,3690
2019-01-01T14:02:57.000Z,128.089305,26.228143,31,3690
2019-01-01T14:06:22.000Z,128.099878,26.240868,30,3690
2019-01-01T14:06:22.000Z,128.099878,26.240868,30,3690
2019-01-01T14:06:22.000Z,128.099878,26.240868,30,3690
2019-01-01T14:10:57.000Z,128.114182,26.258095,31,3650
2019-01-01T14:10:57.000Z,128.114182,26.258095,31,3650
2019-01-01T14:10:57.000Z,128.114182,26.258095,31,3650
2019-01-01T14:14:09.000Z,128.12417299999998,26.270142,30,3710
2019-01-01T14:14:09.000Z,128.12417299999998,26.270142,30,3710
2019-01-01T14:14:09.000Z,128.12417299999998,26.270142,30,3710
2019-01-01T14:18:22.000Z,128.137292,26.285997,31,3640
2019-01-01T14:18:22.000Z,128.137292,26.285997,31,3640
2019-01-01T14:18:22.000Z,128.137292,26.285997,31,3640
2019-01-01T14:22:34.000Z,128.150383,26.301937,31,3640
2019-01-01T14:22:34.000Z,128.150383,26.301937,31,3640
2019-01-01T14:22:34.000Z,128.150383,26.301937,31,3640
2019-01-01T14:26:15.000Z,128.162372,26.315612,31,3910
2019-01-01T14:26:15.000Z,128.162372,26.315612,31,3910
2019-01-01T14:26:15.000Z,128.162372,26.315612,31,3910
2019-01-01T14:26:58.000Z,128.1647,26.318145,31,3920
2019-01-01T14:26:58.000Z,128.1647,26.318145,31,3920
2019-01-01T14:26:58.000Z,128.1647,26.318145,31,3920
2019-01-01T14:28:28.000Z,128.169682,26.323668,30,3960
2019-01-01T14:28:28.000Z,128.169682,26.323668,30,3960
2019-01-01T14:28:28.000Z,128.169682,26.323668,30,3960
2019-01-01T14:29:52.000Z,128.174207,26.328695,31,4010
2019-01-01T14:29:52.000Z,128.174207,26.328695,31,4010
2019-01-01T14:29:52.000Z,128.174207,26.328695,31,4010
2019-01-01T14:31:22.000Z,128.179352,26.334067,30,4080
2019-01-01T14:31:22.000Z,128.179352,26.334067,30,4080
2019-01-01T14:31:22.000Z,128.179352,26.334067,30,4080
2019-01-01T14:32:58.000Z,128.18475700000002,26.339618,30,4140
2019-01-01T14:32:58.000Z,128.18475700000002,26.339618,30,4140
2019-01-01T14:32:58.000Z,128.18475700000002,26.339618,30,4140
2019-01-01T14:34:28.000Z,128.189803,26.344858,30,4040
2019-01-01T14:34:28.000Z,128.189803,26.344858,30,4040
2019-01-01T14:34:28.000Z,128.189803,26.344858,30,4040
2019-01-01T14:36:58.000Z,128.198118,26.353572,30,4010
2019-01-01T14:36:58.000Z,128.198118,26.353572,30,4010
2019-01-01T14:36:58.000Z,128.198118,26.353572,30,4010
2019-01-01T14:40:28.000Z,128.209793,26.365608,30,4160
2019-01-01T14:40:28.000Z,128.209793,26.365608,30,4160
2019-01-01T14:40:28.000Z,128.209793,26.365608,30,4160
2019-01-01T14:44:22.000Z,128.222895,26.378913,30,4140
2019-01-01T14:44:22.000Z,128.222895,26.378913,30,4140
2019-01-01T14:44:22.000Z,128.222895,26.378913,30,4140
2019-01-01T14:48:16.000Z,128.235885,26.392042,29,4250
2019-01-01T14:48:16.000Z,128.235885,26.392042,29,4250
2019-01-01T14:48:16.000Z,128.235885,26.392042,29,4250
2019-01-01T14:52:34.000Z,128.250407,26.406372,30,4250
2019-01-01T14:52:34.000Z,128.250407,26.406372,30,4250
2019-01-01T14:52:34.000Z,128.250407,26.406372,30,4250
2019-01-01T14:56:28.000Z,128.263973,26.419555,30,4330
2019-01-01T14:56:28.000Z,128.263973,26.419555,30,4330
2019-01-01T14:56:28.000Z,128.263973,26.419555,30,4330
2019-01-01T15:00:27.000Z,128.27789,26.432965000000006,30,4260
2019-01-01T15:00:27.000Z,128.27789,26.432965000000006,30,4260
2019-01-01T15:00:27.000Z,128.27789,26.432965000000006,30,4260
2019-01-01T15:04:27.000Z,128.291627,26.446613,29,4070
2019-01-01T15:04:27.000Z,128.291627,26.446613,29,4070
2019-01-01T15:04:27.000Z,128.291627,26.446613,29,4070
2019-01-01T15:08:33.000Z,128.305332,26.4604,30,4080
2019-01-01T15:08:33.000Z,128.305332,26.4604,30,4080
2019-01-01T15:08:33.000Z,128.305332,26.4604,30,4080
2019-01-01T15:12:40.000Z,128.31874,26.474525,29,4080
2019-01-01T15:12:40.000Z,128.31874,26.474525,29,4080
2019-01-01T15:12:40.000Z,128.31874,26.474525,29,4080
2019-01-01T15:16:33.000Z,128.33115800000002,26.487968,30,3950
2019-01-01T15:16:33.000Z,128.33115800000002,26.487968,30,3950
2019-01-01T15:16:33.000Z,128.33115800000002,26.487968,30,3950
2019-01-01T15:22:45.000Z,128.350502,26.509478,29,4220
2019-01-01T15:22:45.000Z,128.350502,26.509478,29,4220
2019-01-01T15:22:45.000Z,128.350502,26.509478,29,4220
2019-01-01T15:26:15.000Z,128.362157,26.5212,29,4190
2019-01-01T15:26:15.000Z,128.362157,26.5212,29,4190
2019-01-01T15:26:15.000Z,128.362157,26.5212,29,4190
2019-01-01T15:30:52.000Z,128.377727,26.536482,30,4250
2019-01-01T15:30:52.000Z,128.377727,26.536482,30,4250
2019-01-01T15:30:52.000Z,128.377727,26.536482,30,4250
2019-01-01T15:36:21.000Z,128.396262,26.55462,29,4250
2019-01-01T15:36:21.000Z,128.396262,26.55462,29,4250
2019-01-01T15:36:21.000Z,128.396262,26.55462,29,4250
2019-01-01T15:40:09.000Z,128.40919,26.56708,29,4330
2019-01-01T15:40:09.000Z,128.40919,26.56708,29,4330
2019-01-01T15:40:09.000Z,128.40919,26.56708,29,4330
2019-01-01T15:44:27.000Z,128.423738,26.581103,29,4090
2019-01-01T15:44:27.000Z,128.423738,26.581103,29,4090
2019-01-01T15:44:27.000Z,128.423738,26.581103,29,4090
2019-01-01T15:48:40.000Z,128.437502,26.595175,29,4160
2019-01-01T15:48:40.000Z,128.437502,26.595175,29,4160
2019-01-01T15:48:40.000Z,128.437502,26.595175,29,4160
2019-01-01T15:52:16.000Z,128.449425,26.607307,30,4090
2019-01-01T15:52:16.000Z,128.449425,26.607307,30,4090
2019-01-01T15:52:16.000Z,128.449425,26.607307,30,4090
2019-01-01T15:56:10.000Z,128.462448,26.620235,29,4300
2019-01-01T15:56:10.000Z,128.462448,26.620235,29,4300
2019-01-01T15:56:10.000Z,128.462448,26.620235,29,4300
2019-01-01T16:00:21.000Z,128.476585,26.634132,30,4410
2019-01-01T16:00:21.000Z,128.476585,26.634132,30,4410
2019-01-01T16:00:21.000Z,128.476585,26.634132,30,4410
2019-01-01T16:03:52.000Z,128.488438,26.645602,29,4360
2019-01-01T16:03:52.000Z,128.488438,26.645602,29,4360
2019-01-01T16:03:52.000Z,128.488438,26.645602,29,4360
2019-01-01T16:07:52.000Z,128.502095,26.65882,30,4340
2019-01-01T16:07:52.000Z,128.502095,26.65882,30,4340
2019-01-01T16:07:52.000Z,128.502095,26.65882,30,4340
2019-01-01T16:12:04.000Z,128.516473,26.672702,30,4350
2019-01-01T16:12:04.000Z,128.516473,26.672702,30,4350
2019-01-01T16:12:04.000Z,128.516473,26.672702,30,4350
2019-01-01T16:15:58.000Z,128.529915,26.685515,29,4370
2019-01-01T16:15:58.000Z,128.529915,26.685515,29,4370
2019-01-01T16:15:58.000Z,128.529915,26.685515,29,4370
2019-01-01T16:19:51.000Z,128.542968,26.698855,30,4040
2019-01-01T16:19:51.000Z,128.542968,26.698855,30,4040
2019-01-01T16:19:51.000Z,128.542968,26.698855,30,4040
2019-01-01T16:24:10.000Z,128.55719,26.713837,30,4000
2019-01-01T16:24:10.000Z,128.55719,26.713837,30,4000
2019-01-01T16:24:10.000Z,128.55719,26.713837,30,4000
2019-01-01T16:27:52.000Z,128.56941799999998,26.726722,30,4070
2019-01-01T16:27:52.000Z,128.56941799999998,26.726722,30,4070
2019-01-01T16:27:52.000Z,128.56941799999998,26.726722,30,4070
2019-01-01T16:32:34.000Z,128.585155,26.743270000000006,31,4090
2019-01-01T16:32:34.000Z,128.585155,26.743270000000006,31,4090
2019-01-01T16:32:34.000Z,128.585155,26.743270000000006,31,4090
2019-01-01T16:36:28.000Z,128.598275,26.7569,31,4050
2019-01-01T16:36:28.000Z,128.598275,26.7569,31,4050
2019-01-01T16:36:28.000Z,128.598275,26.7569,31,4050
2019-01-01T16:39:58.000Z,128.610252,26.769332,30,4130
2019-01-01T16:39:58.000Z,128.610252,26.769332,30,4130
2019-01-01T16:39:58.000Z,128.610252,26.769332,30,4130
2019-01-01T16:44:10.000Z,128.624002,26.784653,30,3850
2019-01-01T16:44:10.000Z,128.624002,26.784653,30,3850
2019-01-01T16:44:10.000Z,128.624002,26.784653,30,3850
2019-01-01T16:48:10.000Z,128.636852,26.799495,31,3770
2019-01-01T16:48:10.000Z,128.636852,26.799495,31,3770
2019-01-01T16:48:10.000Z,128.636852,26.799495,31,3770
2019-01-01T16:52:39.000Z,128.651493,26.816353000000003,31,3910
2019-01-01T16:52:39.000Z,128.651493,26.816353000000003,31,3910
2019-01-01T16:52:39.000Z,128.651493,26.816353000000003,31,3910
2019-01-01T16:56:03.000Z,128.662523,26.829172,32,3900
2019-01-01T16:56:03.000Z,128.662523,26.829172,32,3900
2019-01-01T16:56:03.000Z,128.662523,26.829172,32,3900
2019-01-01T16:59:57.000Z,128.675025,26.84378,31,3770
2019-01-01T16:59:57.000Z,128.675025,26.84378,31,3770
2019-01-01T16:59:57.000Z,128.675025,26.84378,31,3770
2019-01-01T17:04:28.000Z,128.689955,26.860763,31,3950
2019-01-01T17:04:28.000Z,128.689955,26.860763,31,3950
2019-01-01T17:04:28.000Z,128.689955,26.860763,31,3950
2019-01-01T17:07:57.000Z,128.701852,26.873798,31,3940
2019-01-01T17:07:57.000Z,128.701852,26.873798,31,3940
2019-01-01T17:07:57.000Z,128.701852,26.873798,31,3940
2019-01-01T17:12:21.000Z,128.716812,26.890092,32,3970
2019-01-01T17:12:21.000Z,128.716812,26.890092,32,3970
2019-01-01T17:12:21.000Z,128.716812,26.890092,32,3970
2019-01-01T17:16:10.000Z,128.72988700000002,26.904287,32,4040
2019-01-01T17:16:10.000Z,128.72988700000002,26.904287,32,4040
2019-01-01T17:16:10.000Z,128.72988700000002,26.904287,32,4040
2019-01-01T17:20:03.000Z,128.742985,26.91875,31,3940
2019-01-01T17:20:03.000Z,128.742985,26.91875,31,3940
2019-01-01T17:20:03.000Z,128.742985,26.91875,31,3940
2019-01-01T17:24:03.000Z,128.756318,26.933537,31,3930
2019-01-01T17:24:03.000Z,128.756318,26.933537,31,3930
2019-01-01T17:24:03.000Z,128.756318,26.933537,31,3930
2019-01-01T17:28:10.000Z,128.76971,26.948715000000004,31,3860
2019-01-01T17:28:10.000Z,128.76971,26.948715000000004,31,3860
2019-01-01T17:28:10.000Z,128.76971,26.948715000000004,31,3860
2019-01-01T17:32:52.000Z,128.784798,26.965967,31,3800
2019-01-01T17:32:52.000Z,128.784798,26.965967,31,3800
2019-01-01T17:32:52.000Z,128.784798,26.965967,31,3800
2019-01-01T17:36:03.000Z,128.794903,26.977642,31,3750
2019-01-01T17:36:03.000Z,128.794903,26.977642,31,3750
2019-01-01T17:36:03.000Z,128.794903,26.977642,31,3750
2019-01-01T17:40:04.000Z,128.807617,26.99236,30,3790
2019-01-01T17:40:04.000Z,128.807617,26.99236,30,3790
2019-01-01T17:40:04.000Z,128.807617,26.99236,30,3790
2019-01-01T17:44:03.000Z,128.820303,27.00708,30,3850
2019-01-01T17:44:03.000Z,128.820303,27.00708,30,3850
2019-01-01T17:44:03.000Z,128.820303,27.00708,30,3850
2019-01-01T17:48:15.000Z,128.833625,27.02255,30,3920
2019-01-01T17:48:15.000Z,128.833625,27.02255,30,3920
2019-01-01T17:48:15.000Z,128.833625,27.02255,30,3920
2019-01-01T17:52:16.000Z,128.84641200000002,27.037278000000004,30,3750
2019-01-01T17:52:16.000Z,128.84641200000002,27.037278000000004,30,3750
2019-01-01T17:52:16.000Z,128.84641200000002,27.037278000000004,30,3750
2019-01-01T17:56:21.000Z,128.859647,27.052247,30,3890
2019-01-01T17:56:21.000Z,128.859647,27.052247,30,3890
2019-01-01T17:56:21.000Z,128.859647,27.052247,30,3890
2019-01-01T17:59:57.000Z,128.871432,27.065247,30,4090
2019-01-01T17:59:57.000Z,128.871432,27.065247,30,4090
2019-01-01T17:59:57.000Z,128.871432,27.065247,30,4090
2019-01-01T18:04:39.000Z,128.887023,27.082202,30,3950
2019-01-01T18:04:39.000Z,128.887023,27.082202,30,3950
2019-01-01T18:04:39.000Z,128.887023,27.082202,30,3950
2019-01-01T18:08:16.000Z,128.89893500000002,27.09487,30,3970
2019-01-01T18:08:16.000Z,128.89893500000002,27.09487,30,3970
2019-01-01T18:08:16.000Z,128.89893500000002,27.09487,30,3970
2019-01-01T18:12:51.000Z,128.914343,27.11072,30,4160
2019-01-01T18:12:51.000Z,128.914343,27.11072,30,4160
2019-01-01T18:12:51.000Z,128.914343,27.11072,30,4160
2019-01-01T18:16:03.000Z,128.925373,27.121595000000006,29,4180
2019-01-01T18:16:03.000Z,128.925373,27.121595000000006,29,4180
2019-01-01T18:16:03.000Z,128.925373,27.121595000000006,29,4180
2019-01-01T18:17:34.000Z,128.930465,27.126613,30,4310
2019-01-01T18:17:34.000Z,128.930465,27.126613,30,4310
2019-01-01T18:17:34.000Z,128.930465,27.126613,30,4310
2019-01-01T18:27:02.000Z,128.960613,27.159413,30,3760
2019-01-01T18:27:02.000Z,128.960613,27.159413,30,3760
2019-01-01T18:27:02.000Z,128.960613,27.159413,30,3760
2019-01-01T18:52:34.000Z,129.04775700000002,27.246763,31,4580
2019-01-01T18:52:34.000Z,129.04775700000002,27.246763,31,4580
2019-01-01T18:52:34.000Z,129.04775700000002,27.246763,31,4580
2019-01-01T18:53:58.000Z,129.05301,27.251427000000003,31,4600
2019-01-01T18:53:58.000Z,129.05301,27.251427000000003,31,4600
2019-01-01T18:53:58.000Z,129.05301,27.251427000000003,31,4600
2019-01-01T19:00:16.000Z,129.076575,27.271943,31,4570
2019-01-01T19:00:16.000Z,129.076575,27.271943,31,4570
2019-01-01T19:00:16.000Z,129.076575,27.271943,31,4570
2019-01-01T19:04:04.000Z,129.090807,27.284222,30,4550
2019-01-01T19:04:04.000Z,129.090807,27.284222,30,4550
2019-01-01T19:04:04.000Z,129.090807,27.284222,30,4550
2019-01-01T19:08:09.000Z,129.10635200000002,27.297512,31,4720
2019-01-01T19:08:09.000Z,129.10635200000002,27.297512,31,4720
2019-01-01T19:08:09.000Z,129.10635200000002,27.297512,31,4720
2019-01-01T19:12:04.000Z,129.121325,27.310107,31,4670
2019-01-01T19:12:04.000Z,129.121325,27.310107,31,4670
2019-01-01T19:12:04.000Z,129.121325,27.310107,31,4670
2019-01-01T19:16:10.000Z,129.13736,27.323367,31,4800
2019-01-01T19:16:10.000Z,129.13736,27.323367,31,4800
2019-01-01T19:16:10.000Z,129.13736,27.323367,31,4800
2019-01-01T19:20:09.000Z,129.15284,27.336038,31,4740
2019-01-01T19:20:09.000Z,129.15284,27.336038,31,4740
2019-01-01T19:20:09.000Z,129.15284,27.336038,31,4740
2019-01-01T19:23:58.000Z,129.167753,27.348218,31,4740
2019-01-01T19:23:58.000Z,129.167753,27.348218,31,4740
2019-01-01T19:23:58.000Z,129.167753,27.348218,31,4740
2019-01-01T19:27:39.000Z,129.18238300000002,27.36,31,4820
2019-01-01T19:27:39.000Z,129.18238300000002,27.36,31,4820
2019-01-01T19:27:39.000Z,129.18238300000002,27.36,31,4820
2019-01-01T19:32:51.000Z,129.203115,27.376485,32,4910
2019-01-01T19:32:51.000Z,129.203115,27.376485,32,4910
2019-01-01T19:32:51.000Z,129.203115,27.376485,32,4910
2019-01-01T19:35:58.000Z,129.215753,27.386312,32,4850
2019-01-01T19:35:58.000Z,129.215753,27.386312,32,4850
2019-01-01T19:35:58.000Z,129.215753,27.386312,32,4850
2019-01-01T19:40:10.000Z,129.232802,27.399523,32,4810
2019-01-01T19:40:10.000Z,129.232802,27.399523,32,4810
2019-01-01T19:40:10.000Z,129.232802,27.399523,32,4810
2019-01-01T19:44:09.000Z,129.24921799999998,27.412195,32,4880
2019-01-01T19:44:09.000Z,129.24921799999998,27.412195,32,4880
2019-01-01T19:44:09.000Z,129.24921799999998,27.412195,32,4880
2019-01-01T19:48:04.000Z,129.265143,27.424507,32,4770
2019-01-01T19:48:04.000Z,129.265143,27.424507,32,4770
2019-01-01T19:48:04.000Z,129.265143,27.424507,32,4770
2019-01-01T19:52:04.000Z,129.281102,27.437513,32,4760
2019-01-01T19:52:04.000Z,129.281102,27.437513,32,4760
2019-01-01T19:52:04.000Z,129.281102,27.437513,32,4760
2019-01-01T19:56:10.000Z,129.297328,27.451028000000004,31,4620
2019-01-01T19:56:10.000Z,129.297328,27.451028000000004,31,4620
2019-01-01T19:56:10.000Z,129.297328,27.451028000000004,31,4620
2019-01-01T20:00:10.000Z,129.313095,27.464233,31,4710
2019-01-01T20:00:10.000Z,129.313095,27.464233,31,4710
2019-01-01T20:00:10.000Z,129.313095,27.464233,31,4710
2019-01-01T20:03:58.000Z,129.327803,27.476427,31,4750
2019-01-01T20:03:58.000Z,129.327803,27.476427,31,4750
2019-01-01T20:03:58.000Z,129.327803,27.476427,31,4750
2019-01-01T20:08:03.000Z,129.343783,27.489522,31,4550
2019-01-01T20:08:03.000Z,129.343783,27.489522,31,4550
2019-01-01T20:08:03.000Z,129.343783,27.489522,31,4550
2019-01-01T20:08:33.000Z,129.345655,27.491035,31,4680
2019-01-01T20:08:33.000Z,129.345655,27.491035,31,4680
2019-01-01T20:08:33.000Z,129.345655,27.491035,31,4680
2019-01-01T20:09:58.000Z,129.35118300000002,27.495537,31,4850
2019-01-01T20:09:58.000Z,129.35118300000002,27.495537,31,4850
2019-01-01T20:09:58.000Z,129.35118300000002,27.495537,31,4850
2019-01-01T20:11:21.000Z,129.356392,27.499888,30,4530
2019-01-01T20:11:21.000Z,129.356392,27.499888,30,4530
2019-01-01T20:11:21.000Z,129.356392,27.499888,30,4530
2019-01-01T20:12:40.000Z,129.361412,27.504102000000003,30,4690
2019-01-01T20:12:40.000Z,129.361412,27.504102000000003,30,4690
2019-01-01T20:12:40.000Z,129.361412,27.504102000000003,30,4690
2019-01-01T20:14:10.000Z,129.36701200000002,27.508808,30,4600
2019-01-01T20:14:10.000Z,129.36701200000002,27.508808,30,4600
2019-01-01T20:14:10.000Z,129.36701200000002,27.508808,30,4600
2019-01-01T20:15:34.000Z,129.37237,27.513335,31,4580
2019-01-01T20:15:34.000Z,129.37237,27.513335,31,4580
2019-01-01T20:15:34.000Z,129.37237,27.513335,31,4580
2019-01-01T20:17:15.000Z,129.37836299999998,27.518798,30,4440
2019-01-01T20:17:15.000Z,129.37836299999998,27.518798,30,4440
2019-01-01T20:17:15.000Z,129.37836299999998,27.518798,30,4440
2019-01-01T20:18:40.000Z,129.38363,27.52354,30,4630
2019-01-01T20:18:40.000Z,129.38363,27.52354,30,4630
2019-01-01T20:18:40.000Z,129.38363,27.52354,30,4630
2019-01-01T20:20:10.000Z,129.389053,27.528535,30,4410
2019-01-01T20:20:10.000Z,129.389053,27.528535,30,4410
2019-01-01T20:20:10.000Z,129.389053,27.528535,30,4410
2019-01-01T20:21:34.000Z,129.394103,27.533127,30,4510
2019-01-01T20:21:34.000Z,129.394103,27.533127,30,4510
2019-01-01T20:21:34.000Z,129.394103,27.533127,30,4510
2019-01-01T20:23:03.000Z,129.39938700000002,27.537982,30,4460
2019-01-01T20:23:03.000Z,129.39938700000002,27.537982,30,4460
2019-01-01T20:23:03.000Z,129.39938700000002,27.537982,30,4460
2019-01-01T20:24:39.000Z,129.405038,27.543145000000006,30,4380
2019-01-01T20:24:39.000Z,129.405038,27.543145000000006,30,4380
2019-01-01T20:24:39.000Z,129.405038,27.543145000000006,30,4380
2019-01-01T20:26:09.000Z,129.410382,27.548112,30,4380
2019-01-01T20:26:09.000Z,129.410382,27.548112,30,4380
2019-01-01T20:26:09.000Z,129.410382,27.548112,30,4380
2019-01-01T20:27:39.000Z,129.415433,27.553112,30,4210
2019-01-01T20:27:39.000Z,129.415433,27.553112,30,4210
2019-01-01T20:27:39.000Z,129.415433,27.553112,30,4210
2019-01-01T20:29:16.000Z,129.420948,27.558518,29,4240
2019-01-01T20:29:16.000Z,129.420948,27.558518,29,4240
2019-01-01T20:29:16.000Z,129.420948,27.558518,29,4240
2019-01-01T20:31:51.000Z,129.429885,27.567357,29,4180
2019-01-01T20:31:51.000Z,129.429885,27.567357,29,4180
2019-01-01T20:31:51.000Z,129.429885,27.567357,29,4180
2019-01-01T20:36:22.000Z,129.44558,27.582490000000004,30,4280
2019-01-01T20:36:22.000Z,129.44558,27.582490000000004,30,4280
2019-01-01T20:36:22.000Z,129.44558,27.582490000000004,30,4280
2019-01-01T20:40:16.000Z,129.459275,27.595305,30,4280
2019-01-01T20:40:16.000Z,129.459275,27.595305,30,4280
2019-01-01T20:40:16.000Z,129.459275,27.595305,30,4280
2019-01-01T20:44:15.000Z,129.473037,27.608765,30,4300
2019-01-01T20:44:15.000Z,129.473037,27.608765,30,4300
2019-01-01T20:44:15.000Z,129.473037,27.608765,30,4300
2019-01-01T20:47:57.000Z,129.485852,27.62111,29,4240
2019-01-01T20:47:57.000Z,129.485852,27.62111,29,4240
2019-01-01T20:47:57.000Z,129.485852,27.62111,29,4240
2019-01-01T20:52:22.000Z,129.50088200000002,27.635615,30,4300
2019-01-01T20:52:22.000Z,129.50088200000002,27.635615,30,4300
2019-01-01T20:52:22.000Z,129.50088200000002,27.635615,30,4300
2019-01-01T20:56:22.000Z,129.514728,27.648883,30,4360
2019-01-01T20:56:22.000Z,129.514728,27.648883,30,4360
2019-01-01T20:56:22.000Z,129.514728,27.648883,30,4360
2019-01-01T21:00:22.000Z,129.528568,27.661995,29,4440
2019-01-01T21:00:22.000Z,129.528568,27.661995,29,4440
2019-01-01T21:00:22.000Z,129.528568,27.661995,29,4440
2019-01-01T21:04:04.000Z,129.541512,27.674227,30,4360
2019-01-01T21:04:04.000Z,129.541512,27.674227,30,4360
2019-01-01T21:04:04.000Z,129.541512,27.674227,30,4360
2019-01-01T21:08:04.000Z,129.555468,27.687173,30,4370
2019-01-01T21:08:04.000Z,129.555468,27.687173,30,4370
2019-01-01T21:08:04.000Z,129.555468,27.687173,30,4370
2019-01-01T21:12:46.000Z,129.57208,27.702412,30,4450
2019-01-01T21:12:46.000Z,129.57208,27.702412,30,4450
2019-01-01T21:12:46.000Z,129.57208,27.702412,30,4450
2019-01-01T21:16:21.000Z,129.584707,27.714132,29,4270
2019-01-01T21:16:21.000Z,129.584707,27.714132,29,4270
2019-01-01T21:16:21.000Z,129.584707,27.714132,29,4270
2019-01-01T21:20:09.000Z,129.597943,27.726433,29,4300
2019-01-01T21:20:09.000Z,129.597943,27.726433,29,4300
2019-01-01T21:20:09.000Z,129.597943,27.726433,29,4300
2019-01-01T21:24:16.000Z,129.612233,27.739690000000003,29,4510
2019-01-01T21:24:16.000Z,129.612233,27.739690000000003,29,4510
2019-01-01T21:24:16.000Z,129.612233,27.739690000000003,29,4510
2019-01-01T21:28:04.000Z,129.625553,27.752058,30,4280
2019-01-01T21:28:04.000Z,129.625553,27.752058,30,4280
2019-01-01T21:28:04.000Z,129.625553,27.752058,30,4280
2019-01-01T21:32:27.000Z,129.640863,27.766527000000004,30,4350
2019-01-01T21:32:27.000Z,129.640863,27.766527000000004,30,4350
2019-01-01T21:32:27.000Z,129.640863,27.766527000000004,30,4350
2019-01-01T21:36:15.000Z,129.654178,27.778905,30,4580
2019-01-01T21:36:15.000Z,129.654178,27.778905,30,4580
2019-01-01T21:36:15.000Z,129.654178,27.778905,30,4580
2019-01-01T21:40:10.000Z,129.667775,27.791752,30,4340
2019-01-01T21:40:10.000Z,129.667775,27.791752,30,4340
2019-01-01T21:40:10.000Z,129.667775,27.791752,30,4340
2019-01-01T21:44:09.000Z,129.681742,27.805002,30,4190
2019-01-01T21:44:09.000Z,129.681742,27.805002,30,4190
2019-01-01T21:44:09.000Z,129.681742,27.805002,30,4190
2019-01-01T21:48:15.000Z,129.696065,27.818575,30,4320
2019-01-01T21:48:15.000Z,129.696065,27.818575,30,4320
2019-01-01T21:48:15.000Z,129.696065,27.818575,30,4320
2019-01-01T21:53:03.000Z,129.712967,27.8346,30,4420
2019-01-01T21:53:03.000Z,129.712967,27.8346,30,4420
2019-01-01T21:53:03.000Z,129.712967,27.8346,30,4420
2019-01-01T21:56:03.000Z,129.723572,27.844653000000005,30,4290
2019-01-01T21:56:03.000Z,129.723572,27.844653000000005,30,4290
2019-01-01T21:56:03.000Z,129.723572,27.844653000000005,30,4290
2019-01-01T22:00:09.000Z,129.737998,27.85868,30,4220
2019-01-01T22:00:09.000Z,129.737998,27.85868,30,4220
2019-01-01T22:00:09.000Z,129.737998,27.85868,30,4220
2019-01-01T22:04:09.000Z,129.751955,27.872383000000006,30,4210
2019-01-01T22:04:09.000Z,129.751955,27.872383000000006,30,4210
2019-01-01T22:04:09.000Z,129.751955,27.872383000000006,30,4210
2019-01-01T22:08:21.000Z,129.766563,27.88685,30,4170
2019-01-01T22:08:21.000Z,129.766563,27.88685,30,4170
2019-01-01T22:08:21.000Z,129.766563,27.88685,30,4170
2019-01-01T22:12:34.000Z,129.781118,27.901352000000006,31,4270
2019-01-01T22:12:34.000Z,129.781118,27.901352000000006,31,4270
2019-01-01T22:12:34.000Z,129.781118,27.901352000000006,31,4270
2019-01-01T22:16:15.000Z,129.79387,27.914121999999995,30,4110
2019-01-01T22:16:15.000Z,129.79387,27.914121999999995,30,4110
2019-01-01T22:16:15.000Z,129.79387,27.914121999999995,30,4110
2019-01-01T22:20:28.000Z,129.809107,27.928453,30,4450
2019-01-01T22:20:28.000Z,129.809107,27.928453,30,4450
2019-01-01T22:20:28.000Z,129.809107,27.928453,30,4450
2019-01-01T22:24:21.000Z,129.823273,27.941455,30,4430
2019-01-01T22:24:21.000Z,129.823273,27.941455,30,4430
2019-01-01T22:24:21.000Z,129.823273,27.941455,30,4430
2019-01-01T22:28:27.000Z,129.83795700000002,27.954958,30,4380
2019-01-01T22:28:27.000Z,129.83795700000002,27.954958,30,4380
2019-01-01T22:28:27.000Z,129.83795700000002,27.954958,30,4380
2019-01-01T22:33:21.000Z,129.855773,27.971147,30,4400
2019-01-01T22:33:21.000Z,129.855773,27.971147,30,4400
2019-01-01T22:33:21.000Z,129.855773,27.971147,30,4400
2019-01-01T22:38:34.000Z,129.874495,27.988038,30,4500
2019-01-01T22:38:34.000Z,129.874495,27.988038,30,4500
2019-01-01T22:38:34.000Z,129.874495,27.988038,30,4500
2019-01-01T22:42:34.000Z,129.888692,28.000798,29,4590
2019-01-01T22:42:34.000Z,129.888692,28.000798,29,4590
2019-01-01T22:42:34.000Z,129.888692,28.000798,29,4590
2019-01-01T22:46:39.000Z,129.903285,28.013752,30,4570
2019-01-01T22:46:39.000Z,129.903285,28.013752,30,4570
2019-01-01T22:46:39.000Z,129.903285,28.013752,30,4570
2019-01-01T22:50:22.000Z,129.916648,28.025502000000003,30,4610
2019-01-01T22:50:22.000Z,129.916648,28.025502000000003,30,4610
2019-01-01T22:50:22.000Z,129.916648,28.025502000000003,30,4610
2019-01-01T22:54:39.000Z,129.93241799999998,28.03921,30,4530
2019-01-01T22:54:39.000Z,129.93241799999998,28.03921,30,4530
2019-01-01T22:54:39.000Z,129.93241799999998,28.03921,30,4530
2019-01-01T22:58:22.000Z,129.945843,28.051247,30,4340
2019-01-01T22:58:22.000Z,129.945843,28.051247,30,4340
2019-01-01T22:58:22.000Z,129.945843,28.051247,30,4340
2019-01-01T23:03:16.000Z,129.96318,28.067237,30,4380
2019-01-01T23:03:16.000Z,129.96318,28.067237,30,4380
2019-01-01T23:03:16.000Z,129.96318,28.067237,30,4380
2019-01-01T23:06:28.000Z,129.97440500000002,28.077528000000004,30,4530
2019-01-01T23:06:28.000Z,129.97440500000002,28.077528000000004,30,4530
2019-01-01T23:06:28.000Z,129.97440500000002,28.077528000000004,30,4530
2019-01-01T23:10:28.000Z,129.988495,28.090427,30,4490
2019-01-01T23:10:28.000Z,129.988495,28.090427,30,4490
2019-01-01T23:10:28.000Z,129.988495,28.090427,30,4490
2019-01-01T23:14:39.000Z,130.003495,28.103758000000006,30,4530
2019-01-01T23:14:39.000Z,130.003495,28.103758000000006,30,4530
2019-01-01T23:14:39.000Z,130.003495,28.103758000000006,30,4530
2019-01-01T23:15:45.000Z,130.007578,28.107322,30,4530
2019-01-01T23:15:45.000Z,130.007578,28.107322,30,4530
2019-01-01T23:15:45.000Z,130.007578,28.107322,30,4530
2019-01-01T23:17:16.000Z,130.013047,28.112122,29,4540
2019-01-01T23:17:16.000Z,130.013047,28.112122,29,4540
2019-01-01T23:17:16.000Z,130.013047,28.112122,29,4540
2019-01-01T23:18:39.000Z,130.018177,28.116622,30,4390
2019-01-01T23:18:39.000Z,130.018177,28.116622,30,4390
2019-01-01T23:18:39.000Z,130.018177,28.116622,30,4390
2019-01-01T23:20:09.000Z,130.023658,28.121458,30,4600
2019-01-01T23:20:09.000Z,130.023658,28.121458,30,4600
2019-01-01T23:20:09.000Z,130.023658,28.121458,30,4600
2019-01-01T23:21:33.000Z,130.028853,28.125923,30,4670
2019-01-01T23:21:33.000Z,130.028853,28.125923,30,4670
2019-01-01T23:21:33.000Z,130.028853,28.125923,30,4670
2019-01-01T23:23:04.000Z,130.034492,28.130785,30,4660
2019-01-01T23:23:04.000Z,130.034492,28.130785,30,4660
2019-01-01T23:23:04.000Z,130.034492,28.130785,30,4660
2019-01-01T23:24:45.000Z,130.040783,28.136198,30,4680
2019-01-01T23:24:45.000Z,130.040783,28.136198,30,4680
2019-01-01T23:24:45.000Z,130.040783,28.136198,30,4680
2019-01-01T23:28:27.000Z,130.054903,28.148022,30,4680
2019-01-01T23:28:27.000Z,130.054903,28.148022,30,4680
2019-01-01T23:28:27.000Z,130.054903,28.148022,30,4680
2019-01-01T23:32:57.000Z,130.071043,28.162602000000003,29,4450
2019-01-01T23:32:57.000Z,130.071043,28.162602000000003,29,4450
2019-01-01T23:32:57.000Z,130.071043,28.162602000000003,29,4450
2019-01-01T23:36:57.000Z,130.084858,28.175177,29,4260
2019-01-01T23:36:57.000Z,130.084858,28.175177,29,4260
2019-01-01T23:36:57.000Z,130.084858,28.175177,29,4260
2019-01-01T23:40:22.000Z,130.09616499999998,28.186203000000006,28,4170
2019-01-01T23:40:22.000Z,130.09616499999998,28.186203000000006,28,4170
2019-01-01T23:40:22.000Z,130.09616499999998,28.186203000000006,28,4170
2019-01-01T23:44:21.000Z,130.108908,28.199143,28,4290
2019-01-01T23:44:21.000Z,130.108908,28.199143,28,4290
2019-01-01T23:44:21.000Z,130.108908,28.199143,28,4290
2019-01-01T23:48:22.000Z,130.12209199999998,28.212127,29,4500
2019-01-01T23:48:22.000Z,130.12209199999998,28.212127,29,4500
2019-01-01T23:48:22.000Z,130.12209199999998,28.212127,29,4500
2019-01-01T23:52:28.000Z,130.13608200000002,28.224857,28,4400
2019-01-01T23:52:28.000Z,130.13608200000002,28.224857,28,4400
2019-01-01T23:52:28.000Z,130.13608200000002,28.224857,28,4400
2019-01-01T23:56:27.000Z,130.14960200000002,28.237222,28,4450
2019-01-01T23:56:27.000Z,130.14960200000002,28.237222,28,4450
2019-01-01T23:56:27.000Z,130.14960200000002,28.237222,28,4450
2019-01-02T00:00:45.000Z,130.16431799999998,28.250422,28,4530
2019-01-02T00:00:45.000Z,130.16431799999998,28.250422,28,4530
2019-01-02T00:00:45.000Z,130.16431799999998,28.250422,28,4530
2019-01-02T00:04:27.000Z,130.177272,28.261653000000006,28,4520
2019-01-02T00:04:27.000Z,130.177272,28.261653000000006,28,4520
2019-01-02T00:04:27.000Z,130.177272,28.261653000000006,28,4520
2019-01-02T00:08:21.000Z,130.191352,28.273313,29,4840
2019-01-02T00:08:21.000Z,130.191352,28.273313,29,4840
2019-01-02T00:08:21.000Z,130.191352,28.273313,29,4840
2019-01-02T00:12:51.000Z,130.20796,28.286738,29,4640
2019-01-02T00:12:51.000Z,130.20796,28.286738,29,4640
2019-01-02T00:12:51.000Z,130.20796,28.286738,29,4640
2019-01-02T00:16:45.000Z,130.222012,28.29823,28,4760
2019-01-02T00:16:45.000Z,130.222012,28.29823,28,4760
2019-01-02T00:16:45.000Z,130.222012,28.29823,28,4760
2019-01-02T00:20:57.000Z,130.236692,28.310498,27,4660
2019-01-02T00:20:57.000Z,130.236692,28.310498,27,4660
2019-01-02T00:20:57.000Z,130.236692,28.310498,27,4660
2019-01-02T00:24:46.000Z,130.249873,28.321735,27,4720
2019-01-02T00:24:46.000Z,130.249873,28.321735,27,4720
2019-01-02T00:24:46.000Z,130.249873,28.321735,27,4720
2019-01-02T00:28:51.000Z,130.26426999999998,28.33378,28,4750
2019-01-02T00:28:51.000Z,130.26426999999998,28.33378,28,4750
2019-01-02T00:28:51.000Z,130.26426999999998,28.33378,28,4750
2019-01-02T00:32:51.000Z,130.278302,28.345553,28,4630
2019-01-02T00:32:51.000Z,130.278302,28.345553,28,4630
2019-01-02T00:32:51.000Z,130.278302,28.345553,28,4630
2019-01-02T00:37:16.000Z,130.29368,28.358557,28,4760
2019-01-02T00:37:16.000Z,130.29368,28.358557,28,4760
2019-01-02T00:37:16.000Z,130.29368,28.358557,28,4760
2019-01-02T00:41:34.000Z,130.30895,28.37119,28,4610
2019-01-02T00:41:34.000Z,130.30895,28.37119,28,4610
2019-01-02T00:41:34.000Z,130.30895,28.37119,28,4610
2019-01-02T00:46:57.000Z,130.328032,28.386565,27,4790
2019-01-02T00:46:57.000Z,130.328032,28.386565,27,4790
2019-01-02T00:46:57.000Z,130.328032,28.386565,27,4790
2019-01-02T00:50:51.000Z,130.342105,28.397308,28,4850
2019-01-02T00:50:51.000Z,130.342105,28.397308,28,4850
2019-01-02T00:50:51.000Z,130.342105,28.397308,28,4850
2019-01-02T00:54:58.000Z,130.35718,28.408705,28,4880
2019-01-02T00:54:58.000Z,130.35718,28.408705,28,4880
2019-01-02T00:54:58.000Z,130.35718,28.408705,28,4880
2019-01-02T00:58:40.000Z,130.370855,28.41879,27,4890
2019-01-02T00:58:40.000Z,130.370855,28.41879,27,4890
2019-01-02T00:58:40.000Z,130.370855,28.41879,27,4890
2019-01-02T01:04:16.000Z,130.39136299999998,28.43402,28,4980
2019-01-02T01:04:16.000Z,130.39136299999998,28.43402,28,4980
2019-01-02T01:04:16.000Z,130.39136299999998,28.43402,28,4980
2019-01-02T01:08:45.000Z,130.407918,28.446118,27,4960
2019-01-02T01:08:45.000Z,130.407918,28.446118,27,4960
2019-01-02T01:08:45.000Z,130.407918,28.446118,27,4960
2019-01-02T01:13:09.000Z,130.42428,28.457953000000003,28,5080
2019-01-02T01:13:09.000Z,130.42428,28.457953000000003,28,5080
2019-01-02T01:13:09.000Z,130.42428,28.457953000000003,28,5080
2019-01-02T01:17:22.000Z,130.439997,28.469138,28,5260
2019-01-02T01:17:22.000Z,130.439997,28.469138,28,5260
2019-01-02T01:17:22.000Z,130.439997,28.469138,28,5260
2019-01-02T01:25:03.000Z,130.468705,28.489477,28,5170
2019-01-02T01:25:03.000Z,130.468705,28.489477,28,5170
2019-01-02T01:25:03.000Z,130.468705,28.489477,28,5170
2019-01-02T01:31:16.000Z,130.492045,28.505788,27,5120
2019-01-02T01:31:16.000Z,130.492045,28.505788,27,5120
2019-01-02T01:31:16.000Z,130.492045,28.505788,27,5120
2019-01-02T01:34:40.000Z,130.505002,28.51481,28,5230
2019-01-02T01:34:40.000Z,130.505002,28.51481,28,5230
2019-01-02T01:34:40.000Z,130.505002,28.51481,28,5230
2019-01-02T01:38:58.000Z,130.515863,28.528762,27,1520
2019-01-02T01:38:58.000Z,130.515863,28.528762,27,1520
2019-01-02T01:38:58.000Z,130.515863,28.528762,27,1520
2019-01-02T01:42:52.000Z,130.524085,28.5431,27,2750
2019-01-02T01:42:52.000Z,130.524085,28.5431,27,2750
2019-01-02T01:42:52.000Z,130.524085,28.5431,27,2750
2019-01-02T01:46:39.000Z,130.532787,28.556990000000006,27,3230
2019-01-02T01:46:39.000Z,130.532787,28.556990000000006,27,3230
2019-01-02T01:46:39.000Z,130.532787,28.556990000000006,27,3230
2019-01-02T01:50:51.000Z,130.543323,28.572028000000003,27,3200
2019-01-02T01:50:51.000Z,130.543323,28.572028000000003,27,3200
2019-01-02T01:50:51.000Z,130.543323,28.572028000000003,27,3200
2019-01-02T01:57:10.000Z,130.55944,28.594642,27,3250
2019-01-02T01:57:10.000Z,130.55944,28.594642,27,3250
2019-01-02T01:57:10.000Z,130.55944,28.594642,27,3250
2019-01-02T02:00:27.000Z,130.5678,28.606362,27,3170
2019-01-02T02:00:27.000Z,130.5678,28.606362,27,3170
2019-01-02T02:00:27.000Z,130.5678,28.606362,27,3170
2019-01-02T02:04:45.000Z,130.578872,28.621798,28,3250
2019-01-02T02:04:45.000Z,130.578872,28.621798,28,3250
2019-01-02T02:04:45.000Z,130.578872,28.621798,28,3250
2019-01-02T02:08:52.000Z,130.589527,28.636542,28,3150
2019-01-02T02:08:52.000Z,130.589527,28.636542,28,3150
2019-01-02T02:08:52.000Z,130.589527,28.636542,28,3150
2019-01-02T02:12:51.000Z,130.599837,28.651018,28,3190
2019-01-02T02:12:51.000Z,130.599837,28.651018,28,3190
2019-01-02T02:12:51.000Z,130.599837,28.651018,28,3190
2019-01-02T02:17:04.000Z,130.610625,28.666168,28,3110
2019-01-02T02:17:04.000Z,130.610625,28.666168,28,3110
2019-01-02T02:17:04.000Z,130.610625,28.666168,28,3110
2019-01-02T02:20:46.000Z,130.620048,28.67948,27,3250
2019-01-02T02:20:46.000Z,130.620048,28.67948,27,3250
2019-01-02T02:20:46.000Z,130.620048,28.67948,27,3250
2019-01-02T02:24:34.000Z,130.630177,28.692957,28,3420
2019-01-02T02:24:34.000Z,130.630177,28.692957,28,3420
2019-01-02T02:24:34.000Z,130.630177,28.692957,28,3420
2019-01-02T02:28:51.000Z,130.641962,28.708092,28,3450
2019-01-02T02:28:51.000Z,130.641962,28.708092,28,3450
2019-01-02T02:28:51.000Z,130.641962,28.708092,28,3450
2019-01-02T02:33:22.000Z,130.654315,28.723865000000004,27,3490
2019-01-02T02:33:22.000Z,130.654315,28.723865000000004,27,3490
2019-01-02T02:33:22.000Z,130.654315,28.723865000000004,27,3490
2019-01-02T02:37:04.000Z,130.664373,28.736707,27,3310
2019-01-02T02:37:04.000Z,130.664373,28.736707,27,3310
2019-01-02T02:37:04.000Z,130.664373,28.736707,27,3310
2019-01-02T02:40:46.000Z,130.674562,28.749613,27,3540
2019-01-02T02:40:46.000Z,130.674562,28.749613,27,3540
2019-01-02T02:40:46.000Z,130.674562,28.749613,27,3540
2019-01-02T02:44:34.000Z,130.685023,28.762835,28,3580
2019-01-02T02:44:34.000Z,130.685023,28.762835,28,3580
2019-01-02T02:44:34.000Z,130.685023,28.762835,28,3580
2019-01-02T02:48:40.000Z,130.696498,28.777253,28,3550
2019-01-02T02:48:40.000Z,130.696498,28.777253,28,3550
2019-01-02T02:48:40.000Z,130.696498,28.777253,28,3550
2019-01-02T02:55:10.000Z,130.714802,28.79993,28,3670
2019-01-02T02:55:10.000Z,130.714802,28.79993,28,3670
2019-01-02T02:55:10.000Z,130.714802,28.79993,28,3670
2019-01-02T02:59:04.000Z,130.725953,28.813457,28,3650
2019-01-02T02:59:04.000Z,130.725953,28.813457,28,3650
2019-01-02T02:59:04.000Z,130.725953,28.813457,28,3650
2019-01-02T03:03:22.000Z,130.73814,28.828595,28,3470
2019-01-02T03:03:22.000Z,130.73814,28.828595,28,3470
2019-01-02T03:03:22.000Z,130.73814,28.828595,28,3470
2019-01-02T03:08:45.000Z,130.75337,28.847505,28,3430
2019-01-02T03:08:45.000Z,130.75337,28.847505,28,3430
2019-01-02T03:08:45.000Z,130.75337,28.847505,28,3430
2019-01-02T03:13:22.000Z,130.766448,28.863655,28,3580
2019-01-02T03:13:22.000Z,130.766448,28.863655,28,3580
2019-01-02T03:13:22.000Z,130.766448,28.863655,28,3580
2019-01-02T03:19:52.000Z,130.785002,28.886223,27,3390
2019-01-02T03:19:52.000Z,130.785002,28.886223,27,3390
2019-01-02T03:19:52.000Z,130.785002,28.886223,27,3390
2019-01-02T03:24:52.000Z,130.798425,28.903712,28,3420
2019-01-02T03:24:52.000Z,130.798425,28.903712,28,3420
2019-01-02T03:24:52.000Z,130.798425,28.903712,28,3420
2019-01-02T03:29:03.000Z,130.80972,28.918497,28,3290
2019-01-02T03:29:03.000Z,130.80972,28.918497,28,3290
2019-01-02T03:29:03.000Z,130.80972,28.918497,28,3290
2019-01-02T03:31:22.000Z,130.81610700000002,28.92669,29,3490
2019-01-02T03:31:22.000Z,130.81610700000002,28.92669,29,3490
2019-01-02T03:31:22.000Z,130.81610700000002,28.92669,29,3490
2019-01-02T03:37:33.000Z,130.833323,28.948335,28,3470
2019-01-02T03:37:33.000Z,130.833323,28.948335,28,3470
2019-01-02T03:37:33.000Z,130.833323,28.948335,28,3470
2019-01-02T03:42:22.000Z,130.84696200000002,28.965238,28,3550
2019-01-02T03:42:22.000Z,130.84696200000002,28.965238,28,3550
2019-01-02T03:42:22.000Z,130.84696200000002,28.965238,28,3550
2019-01-02T04:34:10.000Z,130.981465,29.147943,28,3180
2019-01-02T04:34:10.000Z,130.981465,29.147943,28,3180
2019-01-02T04:34:10.000Z,130.981465,29.147943,28,3180
2019-01-02T04:55:39.000Z,131.037093,29.224893,28,3260
2019-01-02T04:55:39.000Z,131.037093,29.224893,28,3260
2019-01-02T04:55:39.000Z,131.037093,29.224893,28,3260
2019-01-02T05:02:09.000Z,131.054212,29.248342,28,3210
2019-01-02T05:02:09.000Z,131.054212,29.248342,28,3210
2019-01-02T05:02:09.000Z,131.054212,29.248342,28,3210
2019-01-02T05:09:33.000Z,131.073747,29.274915000000004,28,3300
2019-01-02T05:09:33.000Z,131.073747,29.274915000000004,28,3300
2019-01-02T05:09:33.000Z,131.073747,29.274915000000004,28,3300
2019-01-02T05:36:58.000Z,131.144027,29.375205,29,2960
2019-01-02T05:36:58.000Z,131.144027,29.375205,29,2960
2019-01-02T05:36:58.000Z,131.144027,29.375205,29,2960
2019-01-02T05:43:45.000Z,131.161087,29.400982,28,3090
2019-01-02T05:43:45.000Z,131.161087,29.400982,28,3090
2019-01-02T05:43:45.000Z,131.161087,29.400982,28,3090
2019-01-02T06:14:16.000Z,131.239177,29.517155,29,2980
2019-01-02T06:14:16.000Z,131.239177,29.517155,29,2980
2019-01-02T06:14:16.000Z,131.239177,29.517155,29,2980
2019-01-02T06:16:45.000Z,131.24573700000002,29.526793,30,3260
2019-01-02T06:16:45.000Z,131.24573700000002,29.526793,30,3260
2019-01-02T06:16:45.000Z,131.24573700000002,29.526793,30,3260
2019-01-02T06:18:52.000Z,131.251323,29.535015,29,3080
2019-01-02T06:18:52.000Z,131.251323,29.535015,29,3080
2019-01-02T06:18:52.000Z,131.251323,29.535015,29,3080
2019-01-02T06:22:57.000Z,131.261813,29.550938,29,3000
2019-01-02T06:22:57.000Z,131.261813,29.550938,29,3000
2019-01-02T06:22:57.000Z,131.261813,29.550938,29,3000
2019-01-02T06:30:10.000Z,131.27991,29.579225,29,2930
2019-01-02T06:30:10.000Z,131.27991,29.579225,29,2930
2019-01-02T06:30:10.000Z,131.27991,29.579225,29,2930
2019-01-02T06:36:34.000Z,131.295592,29.604637,29,2780
2019-01-02T06:36:34.000Z,131.295592,29.604637,29,2780
2019-01-02T06:36:34.000Z,131.295592,29.604637,29,2780
2019-01-02T06:41:16.000Z,131.30676200000002,29.623062,29,2670
2019-01-02T06:41:16.000Z,131.30676200000002,29.623062,29,2670
2019-01-02T06:41:16.000Z,131.30676200000002,29.623062,29,2670
2019-01-02T07:10:22.000Z,131.375033,29.735773,29,2670
2019-01-02T07:10:22.000Z,131.375033,29.735773,29,2670
2019-01-02T07:10:22.000Z,131.375033,29.735773,29,2670
2019-01-02T08:15:45.000Z,131.54067,29.985535,29,3080
2019-01-02T08:15:45.000Z,131.54067,29.985535,29,3080
2019-01-02T08:15:45.000Z,131.54067,29.985535,29,3080
2019-01-02T08:35:46.000Z,131.592963,30.061832,29,3180
2019-01-02T08:35:46.000Z,131.592963,30.061832,29,3180
2019-01-02T08:35:46.000Z,131.592963,30.061832,29,3180
2019-01-02T08:45:45.000Z,131.61949199999998,30.099595,29,2940
2019-01-02T08:45:45.000Z,131.61949199999998,30.099595,29,2940
2019-01-02T08:45:45.000Z,131.61949199999998,30.099595,29,2940
2019-01-02T09:02:45.000Z,131.665377,30.164168,29,3040
2019-01-02T09:02:45.000Z,131.665377,30.164168,29,3040
2019-01-02T09:02:45.000Z,131.665377,30.164168,29,3040
2019-01-02T09:11:58.000Z,131.689985,30.19892,29,3210
2019-01-02T09:11:58.000Z,131.689985,30.19892,29,3210
2019-01-02T09:11:58.000Z,131.689985,30.19892,29,3210
2019-01-02T10:09:10.000Z,131.843502,30.427658,32,2860
2019-01-02T10:09:10.000Z,131.843502,30.427658,32,2860
2019-01-02T10:09:10.000Z,131.843502,30.427658,32,2860
2019-01-02T10:26:40.000Z,131.89224,30.500367,32,2950
2019-01-02T10:26:40.000Z,131.89224,30.500367,32,2950
2019-01-02T10:26:40.000Z,131.89224,30.500367,32,2950
2019-01-02T10:45:34.000Z,131.947075,30.579933,32,3310
2019-01-02T10:45:34.000Z,131.947075,30.579933,32,3310
2019-01-02T10:45:34.000Z,131.947075,30.579933,32,3310
2019-01-02T10:59:16.000Z,131.98943300000002,30.636902000000006,32,3300
2019-01-02T10:59:16.000Z,131.98943300000002,30.636902000000006,32,3300
2019-01-02T10:59:16.000Z,131.98943300000002,30.636902000000006,32,3300
2019-01-02T11:08:27.000Z,132.01711,30.674902000000003,32,3310
2019-01-02T11:08:27.000Z,132.01711,30.674902000000003,32,3310
2019-01-02T11:08:27.000Z,132.01711,30.674902000000003,32,3310
2019-01-02T11:34:03.000Z,132.094978,30.779718,32,3140
2019-01-02T11:34:03.000Z,132.094978,30.779718,32,3140
2019-01-02T11:34:03.000Z,132.094978,30.779718,32,3140
2019-01-02T11:49:28.000Z,132.14265,30.841455,32,3590
2019-01-02T11:49:28.000Z,132.14265,30.841455,32,3590
2019-01-02T11:49:28.000Z,132.14265,30.841455,32,3590
2019-01-02T12:03:04.000Z,132.195852,30.887343,31,4690
2019-01-02T12:03:04.000Z,132.195852,30.887343,31,4690
2019-01-02T12:03:04.000Z,132.195852,30.887343,31,4690
2019-01-02T12:15:21.000Z,132.246973,30.924975,31,5280
2019-01-02T12:15:21.000Z,132.246973,30.924975,31,5280
2019-01-02T12:15:21.000Z,132.246973,30.924975,31,5280
2019-01-02T12:28:04.000Z,132.302008,30.961383,31,5290
2019-01-02T12:28:04.000Z,132.302008,30.961383,31,5290
2019-01-02T12:28:04.000Z,132.302008,30.961383,31,5290
2019-01-02T12:42:45.000Z,132.366523,31.002107,31,5360
2019-01-02T12:42:45.000Z,132.366523,31.002107,31,5360
2019-01-02T12:42:45.000Z,132.366523,31.002107,31,5360
2019-01-02T12:48:33.000Z,132.392698,31.017963,31,5520
2019-01-02T12:48:33.000Z,132.392698,31.017963,31,5520
2019-01-02T12:48:33.000Z,132.392698,31.017963,31,5520
2019-01-02T18:02:31.000Z,133.80704,31.871813,32,5350
2019-01-02T18:02:31.000Z,133.80704,31.871813,32,5350
2019-01-02T18:02:31.000Z,133.80704,31.871813,32,5350
2019-01-02T19:04:31.000Z,134.084373,32.054613,32,5580
2019-01-02T19:04:31.000Z,134.084373,32.054613,32,5580
2019-01-02T19:04:31.000Z,134.084373,32.054613,32,5580
2019-01-02T20:42:33.000Z,134.53221299999998,32.32696,32,4990
2019-01-02T20:42:33.000Z,134.53221299999998,32.32696,32,4990
2019-01-02T20:42:33.000Z,134.53221299999998,32.32696,32,4990
2019-01-02T22:39:29.000Z,135.08567,32.669403,33,5540
2019-01-02T22:39:29.000Z,135.08567,32.669403,33,5540
2019-01-02T22:39:29.000Z,135.08567,32.669403,33,5540
2019-01-02T23:44:03.000Z,135.35550700000002,32.846433000000005,27,4830
2019-01-02T23:44:03.000Z,135.35550700000002,32.846433000000005,27,4830
2019-01-02T23:44:03.000Z,135.35550700000002,32.846433000000005,27,4830
2019-01-02T23:49:11.000Z,135.37495800000002,32.859815000000005,27,5320
2019-01-02T23:49:11.000Z,135.37495800000002,32.859815000000005,27,5320
2019-01-02T23:49:11.000Z,135.37495800000002,32.859815000000005,27,5320
2019-01-03T00:01:51.000Z,135.422985,32.891535,27,5290
2019-01-03T00:01:51.000Z,135.422985,32.891535,27,5290
2019-01-03T00:01:51.000Z,135.422985,32.891535,27,5290
2019-01-03T00:09:52.000Z,135.454178,32.911195,26,5330
2019-01-03T00:09:52.000Z,135.454178,32.911195,26,5330
2019-01-03T00:09:52.000Z,135.454178,32.911195,26,5330
2019-01-03T00:16:46.000Z,135.480508,32.927172,26,5500
2019-01-03T00:16:46.000Z,135.480508,32.927172,26,5500
2019-01-03T00:16:46.000Z,135.480508,32.927172,26,5500
2019-01-03T00:22:33.000Z,135.502668,32.940495,27,5610
2019-01-03T00:22:33.000Z,135.502668,32.940495,27,5610
2019-01-03T00:22:33.000Z,135.502668,32.940495,27,5610
2019-01-03T00:30:10.000Z,135.532018,32.957743,26,5440
2019-01-03T00:30:10.000Z,135.532018,32.957743,26,5440
2019-01-03T00:30:10.000Z,135.532018,32.957743,26,5440
2019-01-03T00:35:15.000Z,135.55207,32.969120000000004,26,5680
2019-01-03T00:35:15.000Z,135.55207,32.969120000000004,26,5680
2019-01-03T00:35:15.000Z,135.55207,32.969120000000004,26,5680
2019-01-03T00:40:40.000Z,135.573245,32.98085,25,5800
2019-01-03T00:40:40.000Z,135.573245,32.98085,25,5800
2019-01-03T00:40:40.000Z,135.573245,32.98085,25,5800
2019-01-03T00:49:03.000Z,135.60646699999998,32.998883,26,5600
2019-01-03T00:49:03.000Z,135.60646699999998,32.998883,26,5600
2019-01-03T00:49:03.000Z,135.60646699999998,32.998883,26,5600
2019-01-03T00:57:16.000Z,135.63891,33.016727,27,5850
2019-01-03T00:57:16.000Z,135.63891,33.016727,27,5850
2019-01-03T00:57:16.000Z,135.63891,33.016727,27,5850
2019-01-03T01:05:40.000Z,135.672132,33.034627,26,5550
2019-01-03T01:05:40.000Z,135.672132,33.034627,26,5550
2019-01-03T01:05:40.000Z,135.672132,33.034627,26,5550
2019-01-03T01:14:51.000Z,135.707753,33.05658,26,5040
2019-01-03T01:14:51.000Z,135.707753,33.05658,26,5040
2019-01-03T01:14:51.000Z,135.707753,33.05658,26,5040
2019-01-03T01:27:22.000Z,135.75438799999998,33.087355,26,5120
2019-01-03T01:27:22.000Z,135.75438799999998,33.087355,26,5120
2019-01-03T01:27:22.000Z,135.75438799999998,33.087355,26,5120
2019-01-03T01:38:10.000Z,135.795512,33.113798,27,5390
2019-01-03T01:38:10.000Z,135.795512,33.113798,27,5390
2019-01-03T01:38:10.000Z,135.795512,33.113798,27,5390
2019-01-03T01:52:33.000Z,135.853367,33.147785,27,5410
2019-01-03T01:52:33.000Z,135.853367,33.147785,27,5410
2019-01-03T01:52:33.000Z,135.853367,33.147785,27,5410
2019-01-03T02:05:46.000Z,135.904607,33.180792,27,5920
2019-01-03T02:05:46.000Z,135.904607,33.180792,27,5920
2019-01-03T02:05:46.000Z,135.904607,33.180792,27,5920
2019-01-03T02:17:33.000Z,135.95451,33.207267,28,5830
2019-01-03T02:17:33.000Z,135.95451,33.207267,28,5830
2019-01-03T02:17:33.000Z,135.95451,33.207267,28,5830
2019-01-03T02:28:03.000Z,136.000723,33.229597,28,6110
2019-01-03T02:28:03.000Z,136.000723,33.229597,28,6110
2019-01-03T02:28:03.000Z,136.000723,33.229597,28,6110
2019-01-03T02:39:21.000Z,136.050555,33.25325,28,6280
2019-01-03T02:39:21.000Z,136.050555,33.25325,28,6280
2019-01-03T02:39:21.000Z,136.050555,33.25325,28,6280
2019-01-03T03:00:33.000Z,136.14557,33.297321999999994,28,6100
2019-01-03T03:00:33.000Z,136.14557,33.297321999999994,28,6100
2019-01-03T03:00:33.000Z,136.14557,33.297321999999994,28,6100
2019-01-03T03:12:39.000Z,136.20008,33.321237,28,6290
2019-01-03T03:12:39.000Z,136.20008,33.321237,28,6290
2019-01-03T03:12:39.000Z,136.20008,33.321237,28,6290
2019-01-03T03:25:16.000Z,136.25739199999998,33.345665000000004,27,6360
2019-01-03T03:25:16.000Z,136.25739199999998,33.345665000000004,27,6360
2019-01-03T03:25:16.000Z,136.25739199999998,33.345665000000004,27,6360
2019-01-03T03:43:15.000Z,136.33901200000003,33.378497,27,6560
2019-01-03T03:43:15.000Z,136.33901200000003,33.378497,27,6560
2019-01-03T03:43:15.000Z,136.33901200000003,33.378497,27,6560
2019-01-03T03:53:04.000Z,136.383672,33.395145,27,6730
2019-01-03T03:53:04.000Z,136.383672,33.395145,27,6730
2019-01-03T03:53:04.000Z,136.383672,33.395145,27,6730
2019-01-03T04:04:09.000Z,136.4334,33.414322,27,6250
2019-01-03T04:04:09.000Z,136.4334,33.414322,27,6250
2019-01-03T04:04:09.000Z,136.4334,33.414322,27,6250
2019-01-03T04:13:58.000Z,136.476388,33.432543,27,6460
2019-01-03T04:13:58.000Z,136.476388,33.432543,27,6460
2019-01-03T04:13:58.000Z,136.476388,33.432543,27,6460
2019-01-03T04:24:22.000Z,136.521455,33.451488,27,6330
2019-01-03T04:24:22.000Z,136.521455,33.451488,27,6330
2019-01-03T04:24:22.000Z,136.521455,33.451488,27,6330
2019-01-03T04:40:15.000Z,136.59053500000002,33.481758,27,6070
2019-01-03T04:40:15.000Z,136.59053500000002,33.481758,27,6070
2019-01-03T04:40:15.000Z,136.59053500000002,33.481758,27,6070
2019-01-03T04:55:09.000Z,136.65536699999998,33.511485,27,6170
2019-01-03T04:55:09.000Z,136.65536699999998,33.511485,27,6170
2019-01-03T04:55:09.000Z,136.65536699999998,33.511485,27,6170
2019-01-03T05:09:22.000Z,136.717033,33.538093,26,6330
2019-01-03T05:09:22.000Z,136.717033,33.538093,26,6330
2019-01-03T05:09:22.000Z,136.717033,33.538093,26,6330
2019-01-03T05:19:45.000Z,136.759302,33.559742,27,5260
2019-01-03T05:19:45.000Z,136.759302,33.559742,27,5260
2019-01-03T05:19:45.000Z,136.759302,33.559742,27,5260
2019-01-03T05:32:46.000Z,136.814067,33.587745,27,5660
2019-01-03T05:32:46.000Z,136.814067,33.587745,27,5660
2019-01-03T05:32:46.000Z,136.814067,33.587745,27,5660
2019-01-03T05:44:28.000Z,136.86274,33.61299,27,5980
2019-01-03T05:44:28.000Z,136.86274,33.61299,27,5980
2019-01-03T05:44:28.000Z,136.86274,33.61299,27,5980
2019-01-03T05:57:27.000Z,136.918655,33.639477,27,6310
2019-01-03T05:57:27.000Z,136.918655,33.639477,27,6310
2019-01-03T05:57:27.000Z,136.918655,33.639477,27,6310
2019-01-03T06:12:51.000Z,136.985995,33.669592,28,6300
2019-01-03T06:12:51.000Z,136.985995,33.669592,28,6300
2019-01-03T06:12:51.000Z,136.985995,33.669592,28,6300
2019-01-03T06:27:21.000Z,137.04888,33.696502,24,6400
2019-01-03T06:27:21.000Z,137.04888,33.696502,24,6400
2019-01-03T06:27:21.000Z,137.04888,33.696502,24,6400
2019-01-03T06:43:07.000Z,137.11064299999998,33.721762,22,4630
2019-01-03T06:43:07.000Z,137.11064299999998,33.721762,22,4630
2019-01-03T06:43:07.000Z,137.11064299999998,33.721762,22,4630
2019-01-03T06:58:16.000Z,137.156555,33.759947,23,4600
2019-01-03T06:58:16.000Z,137.156555,33.759947,23,4600
2019-01-03T06:58:16.000Z,137.156555,33.759947,23,4600
2019-01-03T07:11:47.000Z,137.198915,33.792627,23,4530
2019-01-03T07:11:47.000Z,137.198915,33.792627,23,4530
2019-01-03T07:11:47.000Z,137.198915,33.792627,23,4530
2019-01-03T07:26:36.000Z,137.2463,33.829097999999995,24,4690
2019-01-03T07:26:36.000Z,137.2463,33.829097999999995,24,4690
2019-01-03T07:26:36.000Z,137.2463,33.829097999999995,24,4690
2019-01-03T07:43:27.000Z,137.29995,33.870007,23,4740
2019-01-03T07:43:27.000Z,137.29995,33.870007,23,4740
2019-01-03T07:43:27.000Z,137.29995,33.870007,23,4740
2019-01-03T07:57:17.000Z,137.344807,33.903938000000004,24,4770
2019-01-03T07:57:17.000Z,137.344807,33.903938000000004,24,4770
2019-01-03T07:57:17.000Z,137.344807,33.903938000000004,24,4770
2019-01-03T08:09:16.000Z,137.383415,33.934822,25,4500
2019-01-03T08:09:16.000Z,137.383415,33.934822,25,4500
2019-01-03T08:09:16.000Z,137.383415,33.934822,25,4500
2019-01-03T08:21:16.000Z,137.42166799999998,33.966107,25,4810
2019-01-03T08:21:16.000Z,137.42166799999998,33.966107,25,4810
2019-01-03T08:21:16.000Z,137.42166799999998,33.966107,25,4810
2019-01-03T08:34:14.000Z,137.46354499999998,34.000307,25,4700
2019-01-03T08:34:14.000Z,137.46354499999998,34.000307,25,4700
2019-01-03T08:34:14.000Z,137.46354499999998,34.000307,25,4700
2019-01-03T08:48:24.000Z,137.50851799999998,34.03897,25,4380
2019-01-03T08:48:24.000Z,137.50851799999998,34.03897,25,4380
2019-01-03T08:48:24.000Z,137.50851799999998,34.03897,25,4380
2019-01-03T09:01:15.000Z,137.544035,34.076657,25,3640
2019-01-03T09:01:15.000Z,137.544035,34.076657,25,3640
2019-01-03T09:01:15.000Z,137.544035,34.076657,25,3640
2019-01-03T09:16:13.000Z,137.583695,34.122558000000005,25,3800
2019-01-03T09:16:13.000Z,137.583695,34.122558000000005,25,3800
2019-01-03T09:16:13.000Z,137.583695,34.122558000000005,25,3800
2019-01-03T09:29:35.000Z,137.61768700000002,34.16233,24,3690
2019-01-03T09:29:35.000Z,137.61768700000002,34.16233,24,3690
2019-01-03T09:29:35.000Z,137.61768700000002,34.16233,24,3690
2019-01-03T09:41:25.000Z,137.64744299999998,34.19787,24,3230
2019-01-03T09:41:25.000Z,137.64744299999998,34.19787,24,3230
2019-01-03T09:41:25.000Z,137.64744299999998,34.19787,24,3230
2019-01-03T09:52:25.000Z,137.67518,34.23135300000001,24,3670
2019-01-03T09:52:25.000Z,137.67518,34.23135300000001,24,3670
2019-01-03T09:52:25.000Z,137.67518,34.23135300000001,24,3670
2019-01-03T10:03:54.000Z,137.70943300000002,34.263347,25,4500
2019-01-03T10:03:54.000Z,137.70943300000002,34.263347,25,4500
2019-01-03T10:03:54.000Z,137.70943300000002,34.263347,25,4500
2019-01-03T10:14:55.000Z,137.75071,34.286513,25,6070
2019-01-03T10:14:55.000Z,137.75071,34.286513,25,6070
2019-01-03T10:14:55.000Z,137.75071,34.286513,25,6070
2019-01-03T10:26:44.000Z,137.79718200000002,34.309792,25,5970
2019-01-03T10:26:44.000Z,137.79718200000002,34.309792,25,5970
2019-01-03T10:26:44.000Z,137.79718200000002,34.309792,25,5970
2019-01-03T10:38:04.000Z,137.841547,34.330865,23,5960
2019-01-03T10:38:04.000Z,137.841547,34.330865,23,5960
2019-01-03T10:38:04.000Z,137.841547,34.330865,23,5960
2019-01-03T10:50:54.000Z,137.888977,34.353815000000004,24,5530
2019-01-03T10:50:54.000Z,137.888977,34.353815000000004,24,5530
2019-01-03T10:50:54.000Z,137.888977,34.353815000000004,24,5530
2019-01-03T11:04:15.000Z,137.93850700000002,34.378547,23,5500
2019-01-03T11:04:15.000Z,137.93850700000002,34.378547,23,5500
2019-01-03T11:04:15.000Z,137.93850700000002,34.378547,23,5500
2019-01-03T11:20:25.000Z,137.999703,34.408955,24,5390
2019-01-03T11:20:25.000Z,137.999703,34.408955,24,5390
2019-01-03T11:20:25.000Z,137.999703,34.408955,24,5390
2019-01-03T11:32:49.000Z,138.049217,34.431832,25,6500
2019-01-03T11:32:49.000Z,138.049217,34.431832,25,6500
2019-01-03T11:32:49.000Z,138.049217,34.431832,25,6500
2019-01-03T11:46:48.000Z,138.10816200000002,34.454685,25,6870
2019-01-03T11:46:48.000Z,138.10816200000002,34.454685,25,6870
2019-01-03T11:46:48.000Z,138.10816200000002,34.454685,25,6870
2019-01-03T12:02:05.000Z,138.178922,34.46582,27,7580
2019-01-03T12:02:05.000Z,138.178922,34.46582,27,7580
2019-01-03T12:02:05.000Z,138.178922,34.46582,27,7580
2019-01-03T12:41:47.000Z,138.343783,34.476478,3,24220
2019-01-03T12:41:47.000Z,138.343783,34.476478,3,24220
2019-01-03T12:41:47.000Z,138.343783,34.476478,3,24220
2019-01-03T13:13:09.000Z,138.36274699999998,34.472838,5,10070
2019-01-03T13:13:09.000Z,138.36274699999998,34.472838,5,10070
2019-01-03T13:13:09.000Z,138.36274699999998,34.472838,5,10070
2019-01-03T13:27:56.000Z,138.37518799999998,34.471872,4,9070
2019-01-03T13:27:56.000Z,138.37518799999998,34.471872,4,9070
2019-01-03T13:27:56.000Z,138.37518799999998,34.471872,4,9070
2019-01-03T13:43:55.000Z,138.388202,34.470723,4,9760
2019-01-03T13:43:55.000Z,138.388202,34.470723,4,9760
2019-01-03T13:43:55.000Z,138.388202,34.470723,4,9760
2019-01-03T13:56:48.000Z,138.408985,34.479307,23,8960
2019-01-03T13:56:48.000Z,138.408985,34.479307,23,8960
2019-01-03T13:56:48.000Z,138.408985,34.479307,23,8960
2019-01-03T14:11:58.000Z,138.48413,34.478390000000005,28,9040
2019-01-03T14:11:58.000Z,138.48413,34.478390000000005,28,9040
2019-01-03T14:11:58.000Z,138.48413,34.478390000000005,28,9040
2019-01-03T14:26:21.000Z,138.559767,34.478221999999995,29,9220
2019-01-03T14:26:21.000Z,138.559767,34.478221999999995,29,9220
2019-01-03T14:26:21.000Z,138.559767,34.478221999999995,29,9220
2019-01-03T14:38:52.000Z,138.625577,34.477723,28,8950
2019-01-03T14:38:52.000Z,138.625577,34.477723,28,8950
2019-01-03T14:38:52.000Z,138.625577,34.477723,28,8950
2019-01-03T14:49:46.000Z,138.68313999999998,34.477315000000004,28,8970
2019-01-03T14:49:46.000Z,138.68313999999998,34.477315000000004,28,8970
2019-01-03T14:49:46.000Z,138.68313999999998,34.477315000000004,28,8970
2019-01-03T14:58:40.000Z,138.729555,34.477177000000005,27,8890
2019-01-03T14:58:40.000Z,138.729555,34.477177000000005,27,8890
2019-01-03T14:58:40.000Z,138.729555,34.477177000000005,27,8890
2019-01-03T15:10:21.000Z,138.78978,34.476857,28,8840
2019-01-03T15:10:21.000Z,138.78978,34.476857,28,8840
2019-01-03T15:10:21.000Z,138.78978,34.476857,28,8840
2019-01-03T15:21:57.000Z,138.848917,34.477138000000004,27,8990
2019-01-03T15:21:57.000Z,138.848917,34.477138000000004,27,8990
2019-01-03T15:21:57.000Z,138.848917,34.477138000000004,27,8990
2019-01-03T15:34:22.000Z,138.912318,34.477353,28,9140
2019-01-03T15:34:22.000Z,138.912318,34.477353,28,9140
2019-01-03T15:34:22.000Z,138.912318,34.477353,28,9140
2019-01-03T15:45:40.000Z,138.957293,34.504698,28,5060
2019-01-03T15:45:40.000Z,138.957293,34.504698,28,5060
2019-01-03T15:45:40.000Z,138.957293,34.504698,28,5060
2019-01-03T15:57:30.000Z,139.002552,34.539402,29,4700
2019-01-03T15:57:30.000Z,139.002552,34.539402,29,4700
2019-01-03T15:57:30.000Z,139.002552,34.539402,29,4700
2019-01-03T16:06:58.000Z,139.036977,34.569577,28,4280
2019-01-03T16:06:58.000Z,139.036977,34.569577,28,4280
2019-01-03T16:06:58.000Z,139.036977,34.569577,28,4280
2019-01-03T16:16:38.000Z,139.069202,34.60108,28,3790
2019-01-03T16:16:38.000Z,139.069202,34.60108,28,3790
2019-01-03T16:16:38.000Z,139.069202,34.60108,28,3790
2019-01-03T16:24:16.000Z,139.094822,34.626223,28,4060
2019-01-03T16:24:16.000Z,139.094822,34.626223,28,4060
2019-01-03T16:24:16.000Z,139.094822,34.626223,28,4060
2019-01-03T16:29:45.000Z,139.11353799999998,34.643825,28,4190
2019-01-03T16:29:45.000Z,139.11353799999998,34.643825,28,4190
2019-01-03T16:29:45.000Z,139.11353799999998,34.643825,28,4190
2019-01-03T16:40:34.000Z,139.15158200000002,34.678391999999995,29,4230
2019-01-03T16:40:34.000Z,139.15158200000002,34.678391999999995,29,4230
2019-01-03T16:40:34.000Z,139.15158200000002,34.678391999999995,29,4230
2019-01-03T16:45:34.000Z,139.169747,34.694353,29,4200
2019-01-03T16:45:34.000Z,139.169747,34.694353,29,4200
2019-01-03T16:45:34.000Z,139.169747,34.694353,29,4200
2019-01-03T16:49:33.000Z,139.184448,34.707083000000004,29,4450
2019-01-03T16:49:33.000Z,139.184448,34.707083000000004,29,4450
2019-01-03T16:49:33.000Z,139.184448,34.707083000000004,29,4450
2019-01-03T17:00:16.000Z,139.223718,34.74188,29,4360
2019-01-03T17:00:16.000Z,139.223718,34.74188,29,4360
2019-01-03T17:00:16.000Z,139.223718,34.74188,29,4360
2019-01-03T17:08:16.000Z,139.252652,34.766870000000004,27,4550
2019-01-03T17:08:16.000Z,139.252652,34.766870000000004,27,4550
2019-01-03T17:08:16.000Z,139.252652,34.766870000000004,27,4550
2019-01-03T17:15:16.000Z,139.277278,34.787415,26,4470
2019-01-03T17:15:16.000Z,139.277278,34.787415,26,4470
2019-01-03T17:15:16.000Z,139.277278,34.787415,26,4470
2019-01-03T17:23:22.000Z,139.304605,34.811962,27,4120
2019-01-03T17:23:22.000Z,139.304605,34.811962,27,4120
2019-01-03T17:23:22.000Z,139.304605,34.811962,27,4120
2019-01-03T17:29:16.000Z,139.325758,34.828933,27,5090
2019-01-03T17:29:16.000Z,139.325758,34.828933,27,5090
2019-01-03T17:29:16.000Z,139.325758,34.828933,27,5090
2019-01-03T17:37:10.000Z,139.35702,34.850192,28,5300
2019-01-03T17:37:10.000Z,139.35702,34.850192,28,5300
2019-01-03T17:37:10.000Z,139.35702,34.850192,28,5300
2019-01-03T17:44:58.000Z,139.38917800000002,34.87099,28,4990
2019-01-03T17:44:58.000Z,139.38917800000002,34.87099,28,4990
2019-01-03T17:44:58.000Z,139.38917800000002,34.87099,28,4990
2019-01-03T17:53:52.000Z,139.425858,34.894902,28,5350
2019-01-03T17:53:52.000Z,139.425858,34.894902,28,5350
2019-01-03T17:53:52.000Z,139.425858,34.894902,28,5350
2019-01-03T18:00:46.000Z,139.454803,34.912475,28,5250
2019-01-03T18:00:46.000Z,139.454803,34.912475,28,5250
2019-01-03T18:00:46.000Z,139.454803,34.912475,28,5250
2019-01-03T18:08:52.000Z,139.48809,34.933335,28,5200
2019-01-03T18:08:52.000Z,139.48809,34.933335,28,5200
2019-01-03T18:08:52.000Z,139.48809,34.933335,28,5200
2019-01-03T18:16:22.000Z,139.51842299999998,34.952462,27,5230
2019-01-03T18:16:22.000Z,139.51842299999998,34.952462,27,5230
2019-01-03T18:16:22.000Z,139.51842299999998,34.952462,27,5230
2019-01-03T18:26:22.000Z,139.558853,34.977771999999995,27,5200
2019-01-03T18:26:22.000Z,139.558853,34.977771999999995,27,5200
2019-01-03T18:26:22.000Z,139.558853,34.977771999999995,27,5200
2019-01-03T18:34:33.000Z,139.59151699999998,34.998128,26,5010
2019-01-03T18:34:33.000Z,139.59151699999998,34.998128,26,5010
2019-01-03T18:34:33.000Z,139.59151699999998,34.998128,26,5010
2019-01-03T18:43:41.000Z,139.62298700000002,35.020512,22,5180
2019-01-03T18:43:41.000Z,139.62298700000002,35.020512,22,5180
2019-01-03T18:43:41.000Z,139.62298700000002,35.020512,22,5180
2019-01-03T18:52:51.000Z,139.65057,35.039685,20,5090
2019-01-03T18:52:51.000Z,139.65057,35.039685,20,5090
2019-01-03T18:52:51.000Z,139.65057,35.039685,20,5090
2019-01-03T18:59:11.000Z,139.668827,35.052572,20,4960
2019-01-03T18:59:11.000Z,139.668827,35.052572,20,4960
2019-01-03T18:59:11.000Z,139.668827,35.052572,20,4960
2019-01-03T19:10:31.000Z,139.70011499999998,35.076797,20,4520
2019-01-03T19:10:31.000Z,139.70011499999998,35.076797,20,4520
2019-01-03T19:10:31.000Z,139.70011499999998,35.076797,20,4520
2019-01-03T19:19:11.000Z,139.724097,35.095493,21,4640
2019-01-03T19:19:11.000Z,139.724097,35.095493,21,4640
2019-01-03T19:19:11.000Z,139.724097,35.095493,21,4640
2019-01-03T19:27:12.000Z,139.742725,35.115418,21,2870
2019-01-03T19:27:12.000Z,139.742725,35.115418,21,2870
2019-01-03T19:27:12.000Z,139.742725,35.115418,21,2870
2019-01-03T19:34:51.000Z,139.75268,35.138442,21,1680
2019-01-03T19:34:51.000Z,139.75268,35.138442,21,1680
2019-01-03T19:34:51.000Z,139.75268,35.138442,21,1680
2019-01-03T19:40:22.000Z,139.758193,35.155728,21,1480
2019-01-03T19:40:22.000Z,139.758193,35.155728,21,1480
2019-01-03T19:40:22.000Z,139.758193,35.155728,21,1480
2019-01-03T19:46:52.000Z,139.76523500000002,35.175385,19,2060
2019-01-03T19:46:52.000Z,139.76523500000002,35.175385,19,2060
2019-01-03T19:46:52.000Z,139.76523500000002,35.175385,19,2060
2019-01-03T19:55:51.000Z,139.77590700000002,35.20032,19,1580
2019-01-03T19:55:51.000Z,139.77590700000002,35.20032,19,1580
2019-01-03T19:55:51.000Z,139.77590700000002,35.20032,19,1580
2019-01-03T20:04:01.000Z,139.779278,35.220555,19,130
2019-01-03T20:04:01.000Z,139.779278,35.220555,19,130
2019-01-03T20:04:01.000Z,139.779278,35.220555,19,130
2019-01-03T20:10:51.000Z,139.779722,35.243448,22,30
2019-01-03T20:10:51.000Z,139.779722,35.243448,22,30
2019-01-03T20:10:51.000Z,139.779722,35.243448,22,30
2019-01-03T20:20:30.000Z,139.76716000000002,35.27251,23,32380
2019-01-03T20:20:30.000Z,139.76716000000002,35.27251,23,32380
2019-01-03T20:20:30.000Z,139.76716000000002,35.27251,23,32380
2019-01-03T20:31:21.000Z,139.73973700000002,35.303712,22,32650
2019-01-03T20:31:21.000Z,139.73973700000002,35.303712,22,32650
2019-01-03T20:31:21.000Z,139.73973700000002,35.303712,22,32650
2019-01-03T20:40:02.000Z,139.71957700000002,35.327773,22,33270
2019-01-03T20:40:02.000Z,139.71957700000002,35.327773,22,33270
2019-01-03T20:40:02.000Z,139.71957700000002,35.327773,22,33270
2019-01-03T20:44:52.000Z,139.716943,35.343445,22,35570
2019-01-03T20:44:52.000Z,139.716943,35.343445,22,35570
2019-01-03T20:44:52.000Z,139.716943,35.343445,22,35570
2019-01-03T20:51:52.000Z,139.714372,35.366822,22,35430
2019-01-03T20:51:52.000Z,139.714372,35.366822,22,35430
2019-01-03T20:51:52.000Z,139.714372,35.366822,22,35430
2019-01-03T20:57:32.000Z,139.714985,35.38225300000001,12,2060
2019-01-03T20:57:32.000Z,139.714985,35.38225300000001,12,2060
2019-01-03T20:57:32.000Z,139.714985,35.38225300000001,12,2060
2019-01-03T21:08:22.000Z,139.72288999999998,35.399467,10,750
2019-01-03T21:08:22.000Z,139.72288999999998,35.399467,10,750
2019-01-03T21:08:22.000Z,139.72288999999998,35.399467,10,750
2019-01-03T21:13:42.000Z,139.72406,35.408552,13,530
2019-01-03T21:13:42.000Z,139.72406,35.408552,13,530
2019-01-03T21:13:42.000Z,139.72406,35.408552,13,530
2019-01-03T21:21:31.000Z,139.724932,35.423075,13,35880
2019-01-03T21:21:31.000Z,139.724932,35.423075,13,35880
2019-01-03T21:21:31.000Z,139.724932,35.423075,13,35880
2019-01-03T21:29:51.000Z,139.713308,35.434738,11,29850
2019-01-03T21:29:51.000Z,139.713308,35.434738,11,29850
2019-01-03T21:29:51.000Z,139.713308,35.434738,11,29850
2019-01-03T21:35:41.000Z,139.70253,35.439358,11,29960
2019-01-03T21:35:41.000Z,139.70253,35.439358,11,29960
2019-01-03T21:35:41.000Z,139.70253,35.439358,11,29960
2019-01-03T21:44:07.000Z,139.688425,35.44456,6,25840
2019-01-03T21:44:07.000Z,139.688425,35.44456,6,25840
2019-01-03T21:44:07.000Z,139.688425,35.44456,6,25840
2019-01-03T21:51:01.000Z,139.682718,35.441045,5,21920
2019-01-03T21:51:01.000Z,139.682718,35.441045,5,21920
2019-01-03T21:51:01.000Z,139.682718,35.441045,5,21920
2019-01-03T22:01:40.000Z,139.67978200000002,35.43815700000001,0,31940
2019-01-03T22:01:40.000Z,139.67978200000002,35.43815700000001,0,31940
2019-01-03T22:01:40.000Z,139.67978200000002,35.43815700000001,0,31940
2019-01-03T22:04:45.000Z,139.679583,35.438208,0,25700
2019-01-03T22:04:45.000Z,139.679583,35.438208,0,25700
2019-01-03T22:04:45.000Z,139.679583,35.438208,0,25700
2019-01-03T22:13:37.000Z,139.679585,35.438228,0,9810
2019-01-03T22:13:37.000Z,139.679585,35.438228,0,9810
2019-01-03T22:13:37.000Z,139.679585,35.438228,0,9810
2019-01-03T22:22:44.000Z,139.679558,35.438183,0,3080
2019-01-03T22:22:44.000Z,139.679558,35.438183,0,3080
2019-01-03T22:22:44.000Z,139.679558,35.438183,0,3080
2019-01-03T22:31:37.000Z,139.679577,35.438223,0,19440
2019-01-03T22:31:37.000Z,139.679577,35.438223,0,19440
2019-01-03T22:31:37.000Z,139.679577,35.438223,0,19440
2019-01-03T22:40:40.000Z,139.679575,35.438215,0,1090
2019-01-03T22:40:40.000Z,139.679575,35.438215,0,1090
2019-01-03T22:40:40.000Z,139.679575,35.438215,0,1090
2019-01-03T22:49:45.000Z,139.679582,35.438237,0,20740
2019-01-03T22:49:45.000Z,139.679582,35.438237,0,20740
2019-01-03T22:49:45.000Z,139.679582,35.438237,0,20740
2019-01-03T22:58:42.000Z,139.679545,35.438198,0,21360
2019-01-03T22:58:42.000Z,139.679545,35.438198,0,21360
2019-01-03T22:58:42.000Z,139.679545,35.438198,0,21360
2019-01-03T23:10:38.000Z,139.679567,35.438215,0,33310
2019-01-03T23:10:38.000Z,139.679567,35.438215,0,33310
2019-01-03T23:10:38.000Z,139.679567,35.438215,0,33310
2019-01-03T23:19:42.000Z,139.67955,35.438195,0,2670
2019-01-03T23:19:42.000Z,139.67955,35.438195,0,2670
2019-01-03T23:19:42.000Z,139.67955,35.438195,0,2670
2019-01-03T23:31:43.000Z,139.67956999999998,35.438205,0,18770
2019-01-03T23:31:43.000Z,139.67956999999998,35.438205,0,18770
2019-01-03T23:31:43.000Z,139.67956999999998,35.438205,0,18770
2019-01-03T23:43:36.000Z,139.679567,35.438215,0,25560
2019-01-03T23:43:36.000Z,139.679567,35.438215,0,25560
2019-01-03T23:43:36.000Z,139.679567,35.438215,0,25560
2019-01-03T23:49:46.000Z,139.679495,35.43819000000001,0,18730
2019-01-03T23:49:46.000Z,139.679495,35.43819000000001,0,18730
2019-01-03T23:49:46.000Z,139.679495,35.43819000000001,0,18730
2019-01-04T00:04:41.000Z,139.679595,35.438213,0,2860
2019-01-04T00:04:41.000Z,139.679595,35.438213,0,2860
2019-01-04T00:04:41.000Z,139.679595,35.438213,0,2860
2019-01-04T00:13:44.000Z,139.679553,35.43818,0,19350
2019-01-04T00:13:44.000Z,139.679553,35.43818,0,19350
2019-01-04T00:13:44.000Z,139.679553,35.43818,0,19350
2019-01-04T00:22:42.000Z,139.67958000000002,35.43818,0,14570
2019-01-04T00:22:42.000Z,139.67958000000002,35.43818,0,14570
2019-01-04T00:22:42.000Z,139.67958000000002,35.43818,0,14570
2019-01-04T00:34:41.000Z,139.679568,35.438212,0,32080
2019-01-04T00:34:41.000Z,139.679568,35.438212,0,32080
2019-01-04T00:34:41.000Z,139.679568,35.438212,0,32080
2019-01-04T00:43:46.000Z,139.679565,35.4382,0,35570
2019-01-04T00:43:46.000Z,139.679565,35.4382,0,35570
2019-01-04T00:43:46.000Z,139.679565,35.4382,0,35570
2019-01-04T00:52:44.000Z,139.679618,35.438148,0,7880
2019-01-04T00:52:44.000Z,139.679618,35.438148,0,7880
2019-01-04T00:52:44.000Z,139.679618,35.438148,0,7880
2019-01-04T01:04:43.000Z,139.679555,35.438162,0,32990
2019-01-04T01:04:43.000Z,139.679555,35.438162,0,32990
2019-01-04T01:04:43.000Z,139.679555,35.438162,0,32990
2019-01-04T01:10:45.000Z,139.679567,35.438207,0,2570
2019-01-04T01:10:45.000Z,139.679567,35.438207,0,2570
2019-01-04T01:10:45.000Z,139.679567,35.438207,0,2570
2019-01-04T01:19:43.000Z,139.679573,35.438192,0,18060
2019-01-04T01:19:43.000Z,139.679573,35.438192,0,18060
2019-01-04T01:19:43.000Z,139.679573,35.438192,0,18060
2019-01-04T01:28:38.000Z,139.67959,35.438223,0,19200
2019-01-04T01:28:38.000Z,139.67959,35.438223,0,19200
2019-01-04T01:28:38.000Z,139.67959,35.438223,0,19200
2019-01-04T01:37:46.000Z,139.67953300000002,35.438205,0,31430
2019-01-04T01:37:46.000Z,139.67953300000002,35.438205,0,31430
2019-01-04T01:37:46.000Z,139.67953300000002,35.438205,0,31430
2019-01-04T01:46:46.000Z,139.67956,35.438173,0,30280
2019-01-04T01:46:46.000Z,139.67956,35.438173,0,30280
2019-01-04T01:46:46.000Z,139.67956,35.438173,0,30280
2019-01-04T01:58:41.000Z,139.679552,35.43820200000001,0,26040
2019-01-04T01:58:41.000Z,139.679552,35.43820200000001,0,26040
2019-01-04T01:58:41.000Z,139.679552,35.43820200000001,0,26040
2019-01-04T02:04:42.000Z,139.679548,35.438178,0,20690
2019-01-04T02:04:42.000Z,139.679548,35.438178,0,20690
2019-01-04T02:04:42.000Z,139.679548,35.438178,0,20690
2019-01-04T02:16:43.000Z,139.67955,35.438208,0,25110
2019-01-04T02:16:43.000Z,139.67955,35.438208,0,25110
2019-01-04T02:16:43.000Z,139.67955,35.438208,0,25110
2019-01-04T02:25:39.000Z,139.679555,35.438205,0,21800
2019-01-04T02:25:39.000Z,139.679555,35.438205,0,21800
2019-01-04T02:25:39.000Z,139.679555,35.438205,0,21800
2019-01-04T02:37:38.000Z,139.679555,35.438225,0,22200
2019-01-04T02:37:38.000Z,139.679555,35.438225,0,22200
2019-01-04T02:37:38.000Z,139.679555,35.438225,0,22200
2019-01-04T02:49:42.000Z,139.679542,35.438208,0,18560
2019-01-04T02:49:42.000Z,139.679542,35.438208,0,18560
2019-01-04T02:49:42.000Z,139.679542,35.438208,0,18560
2019-01-04T02:58:36.000Z,139.67961699999998,35.43816,0,18270
2019-01-04T02:58:36.000Z,139.67961699999998,35.43816,0,18270
2019-01-04T02:58:36.000Z,139.67961699999998,35.43816,0,18270
2019-01-04T03:07:46.000Z,139.679567,35.43835,0,32090
2019-01-04T03:07:46.000Z,139.679567,35.43835,0,32090
2019-01-04T03:07:46.000Z,139.679567,35.43835,0,32090
2019-01-04T03:19:36.000Z,139.679428,35.438168,0,28940
2019-01-04T03:19:36.000Z,139.679428,35.438168,0,28940
2019-01-04T03:19:36.000Z,139.679428,35.438168,0,28940
2019-01-04T03:31:43.000Z,139.67941000000002,35.438127,0,3510
2019-01-04T03:31:43.000Z,139.67941000000002,35.438127,0,3510
2019-01-04T03:31:43.000Z,139.67941000000002,35.438127,0,3510
2019-01-04T03:43:43.000Z,139.679585,35.438193,0,19460
2019-01-04T03:43:43.000Z,139.679585,35.438193,0,19460
2019-01-04T03:43:43.000Z,139.679585,35.438193,0,19460
2019-01-04T03:52:44.000Z,139.679403,35.438148,0,27380
2019-01-04T03:52:44.000Z,139.679403,35.438148,0,27380
2019-01-04T03:52:44.000Z,139.679403,35.438148,0,27380
2019-01-04T04:01:43.000Z,139.679558,35.438205,0,21180
2019-01-04T04:01:43.000Z,139.679558,35.438205,0,21180
2019-01-04T04:01:43.000Z,139.679558,35.438205,0,21180
2019-01-04T04:13:44.000Z,139.679563,35.438205,0,22380
2019-01-04T04:13:44.000Z,139.679563,35.438205,0,22380
2019-01-04T04:13:44.000Z,139.679563,35.438205,0,22380
2019-01-04T04:22:44.000Z,139.679588,35.43820200000001,0,20060
2019-01-04T04:22:44.000Z,139.679588,35.43820200000001,0,20060
2019-01-04T04:22:44.000Z,139.679588,35.43820200000001,0,20060
2019-01-04T04:34:41.000Z,139.67956999999998,35.43819000000001,0,21790
2019-01-04T04:34:41.000Z,139.67956999999998,35.43819000000001,0,21790
2019-01-04T04:34:41.000Z,139.67956999999998,35.43819000000001,0,21790
2019-01-04T04:43:42.000Z,139.67956999999998,35.438195,0,22390
2019-01-04T04:43:42.000Z,139.67956999999998,35.438195,0,22390
2019-01-04T04:43:42.000Z,139.67956999999998,35.438195,0,22390
2019-01-04T04:55:39.000Z,139.679567,35.43822700000001,0,22730
2019-01-04T04:55:39.000Z,139.679567,35.43822700000001,0,22730
2019-01-04T04:55:39.000Z,139.679567,35.43822700000001,0,22730
2019-01-04T05:04:39.000Z,139.67958000000002,35.438215,0,26950
2019-01-04T05:04:39.000Z,139.67958000000002,35.438215,0,26950
2019-01-04T05:04:39.000Z,139.67958000000002,35.438215,0,26950
2019-01-04T05:22:41.000Z,139.679558,35.438232,0,32290
2019-01-04T05:22:41.000Z,139.679558,35.438232,0,32290
2019-01-04T05:22:41.000Z,139.679558,35.438232,0,32290
2019-01-04T05:31:42.000Z,139.679567,35.438223,0,18030
2019-01-04T05:31:42.000Z,139.679567,35.438223,0,18030
2019-01-04T05:31:42.000Z,139.679567,35.438223,0,18030
2019-01-04T05:43:36.000Z,139.679598,35.438173,0,19890
2019-01-04T05:43:36.000Z,139.679598,35.438173,0,19890
2019-01-04T05:43:36.000Z,139.679598,35.438173,0,19890
2019-01-04T05:52:44.000Z,139.679555,35.43820200000001,0,19250
2019-01-04T05:52:44.000Z,139.679555,35.43820200000001,0,19250
2019-01-04T05:52:44.000Z,139.679555,35.43820200000001,0,19250
2019-01-04T06:08:21.000Z,139.68291000000002,35.44512800000001,3,31980
2019-01-04T06:08:21.000Z,139.68291000000002,35.44512800000001,3,31980
2019-01-04T06:08:21.000Z,139.68291000000002,35.44512800000001,3,31980
2019-01-04T06:19:18.000Z,139.703168,35.439192,22,11400
2019-01-04T06:19:18.000Z,139.703168,35.439192,22,11400
2019-01-04T06:19:18.000Z,139.703168,35.439192,22,11400
2019-01-04T06:29:32.000Z,139.748877,35.42946699999999,26,8800
2019-01-04T06:29:32.000Z,139.748877,35.42946699999999,26,8800
2019-01-04T06:29:32.000Z,139.748877,35.42946699999999,26,8800
2019-01-04T06:38:26.000Z,139.79118300000002,35.443328,28,6510
2019-01-04T06:38:26.000Z,139.79118300000002,35.443328,28,6510
2019-01-04T06:38:26.000Z,139.79118300000002,35.443328,28,6510
2019-01-04T06:49:08.000Z,139.83957,35.464695,28,4680
2019-01-04T06:49:08.000Z,139.83957,35.464695,28,4680
2019-01-04T06:49:08.000Z,139.83957,35.464695,28,4680
2019-01-04T07:00:15.000Z,139.873862,35.502588,28,2670
2019-01-04T07:00:15.000Z,139.873862,35.502588,28,2670
2019-01-04T07:00:15.000Z,139.873862,35.502588,28,2670
2019-01-04T07:05:09.000Z,139.87741499999998,35.52190200000001,25,34150
2019-01-04T07:05:09.000Z,139.87741499999998,35.52190200000001,25,34150
2019-01-04T07:05:09.000Z,139.87741499999998,35.52190200000001,25,34150
2019-01-04T07:07:38.000Z,139.87391200000002,35.530717,22,34240
2019-01-04T07:07:38.000Z,139.87391200000002,35.530717,22,34240
2019-01-04T07:07:38.000Z,139.87391200000002,35.530717,22,34240
2019-01-04T07:11:47.000Z,139.868192,35.541178,16,33310
2019-01-04T07:11:47.000Z,139.868192,35.541178,16,33310
2019-01-04T07:11:47.000Z,139.868192,35.541178,16,33310
2019-01-04T07:15:36.000Z,139.86273300000002,35.549192,15,32960
2019-01-04T07:15:36.000Z,139.86273300000002,35.549192,15,32960
2019-01-04T07:15:36.000Z,139.86273300000002,35.549192,15,32960
2019-01-04T07:19:37.000Z,139.857222,35.55736,14,33190
2019-01-04T07:19:37.000Z,139.857222,35.55736,14,33190
2019-01-04T07:19:37.000Z,139.857222,35.55736,14,33190
2019-01-04T07:23:44.000Z,139.852932,35.56433300000001,12,33530
2019-01-04T07:23:44.000Z,139.852932,35.56433300000001,12,33530
2019-01-04T07:23:44.000Z,139.852932,35.56433300000001,12,33530
2019-01-04T07:27:26.000Z,139.849522,35.570673,11,33420
2019-01-04T07:27:26.000Z,139.849522,35.570673,11,33420
2019-01-04T07:27:26.000Z,139.849522,35.570673,11,33420
2019-01-04T07:31:43.000Z,139.844842,35.575807,6,29120
2019-01-04T07:31:43.000Z,139.844842,35.575807,6,29120
2019-01-04T07:31:43.000Z,139.844842,35.575807,6,29120
2019-01-04T07:34:37.000Z,139.842683,35.57597,0,26070
2019-01-04T07:34:37.000Z,139.842683,35.57597,0,26070
2019-01-04T07:34:37.000Z,139.842683,35.57597,0,26070
2019-01-04T07:39:37.000Z,139.842438,35.57638,0,31430
2019-01-04T07:39:37.000Z,139.842438,35.57638,0,31430
2019-01-04T07:39:37.000Z,139.842438,35.57638,0,31430
2019-01-04T07:43:36.000Z,139.84221499999998,35.576688,0,33530
2019-01-04T07:43:36.000Z,139.84221499999998,35.576688,0,33530
2019-01-04T07:43:36.000Z,139.84221499999998,35.576688,0,33530
2019-01-04T07:47:35.000Z,139.841868,35.576947,0,28750
2019-01-04T07:47:35.000Z,139.841868,35.576947,0,28750
2019-01-04T07:47:35.000Z,139.841868,35.576947,0,28750
2019-01-04T07:49:57.000Z,139.84159499999998,35.577017,0,27860
2019-01-04T07:49:57.000Z,139.84159499999998,35.577017,0,27860
2019-01-04T07:49:57.000Z,139.84159499999998,35.577017,0,27860
2019-01-04T07:55:03.000Z,139.841112,35.576918,0,22710
2019-01-04T07:55:03.000Z,139.841112,35.576918,0,22710
2019-01-04T07:55:03.000Z,139.841112,35.576918,0,22710
2019-01-04T07:58:02.000Z,139.840903,35.576828000000006,0,22110
2019-01-04T07:58:02.000Z,139.840903,35.576828000000006,0,22110
2019-01-04T07:58:02.000Z,139.840903,35.576828000000006,0,22110
2019-01-04T08:01:01.000Z,139.840747,35.57676,0,21570
2019-01-04T08:01:01.000Z,139.840747,35.57676,0,21570
2019-01-04T08:01:01.000Z,139.840747,35.57676,0,21570
2019-01-04T08:07:03.000Z,139.840533,35.576633,0,20390
2019-01-04T08:07:03.000Z,139.840533,35.576633,0,20390
2019-01-04T08:07:03.000Z,139.840533,35.576633,0,20390
2019-01-04T08:10:05.000Z,139.840443,35.576557,0,19490
2019-01-04T08:10:05.000Z,139.840443,35.576557,0,19490
2019-01-04T08:10:05.000Z,139.840443,35.576557,0,19490
2019-01-04T08:13:07.000Z,139.840388,35.576478,0,20870
2019-01-04T08:13:07.000Z,139.840388,35.576478,0,20870
2019-01-04T08:13:07.000Z,139.840388,35.576478,0,20870
2019-01-04T08:16:02.000Z,139.84034,35.576443,0,18210
2019-01-04T08:16:02.000Z,139.84034,35.576443,0,18210
2019-01-04T08:16:02.000Z,139.84034,35.576443,0,18210
2019-01-04T08:22:04.000Z,139.840497,35.576562,0,3410
2019-01-04T08:22:04.000Z,139.840497,35.576562,0,3410
2019-01-04T08:22:04.000Z,139.840497,35.576562,0,3410
2019-01-04T08:28:02.000Z,139.84079,35.57678,0,7590
2019-01-04T08:28:02.000Z,139.84079,35.57678,0,7590
2019-01-04T08:28:02.000Z,139.84079,35.57678,0,7590
2019-01-04T08:34:01.000Z,139.84076000000002,35.57675,0,21100
2019-01-04T08:34:01.000Z,139.84076000000002,35.57675,0,21100
2019-01-04T08:34:01.000Z,139.84076000000002,35.57675,0,21100
2019-01-04T08:37:03.000Z,139.840647,35.576642,0,21400
2019-01-04T08:37:03.000Z,139.840647,35.576642,0,21400
2019-01-04T08:37:03.000Z,139.840647,35.576642,0,21400
2019-01-04T08:46:06.000Z,139.840555,35.57668,0,6950
2019-01-04T08:46:06.000Z,139.840555,35.57668,0,6950
2019-01-04T08:46:06.000Z,139.840555,35.57668,0,6950
2019-01-04T08:49:03.000Z,139.840795,35.57683,0,5980
2019-01-04T08:49:03.000Z,139.840795,35.57683,0,5980
2019-01-04T08:49:03.000Z,139.840795,35.57683,0,5980
2019-01-04T08:55:01.000Z,139.84145800000002,35.577107,0,8030
2019-01-04T08:55:01.000Z,139.84145800000002,35.577107,0,8030
2019-01-04T08:55:01.000Z,139.84145800000002,35.577107,0,8030
2019-01-04T08:58:04.000Z,139.84169,35.577112,0,14350
2019-01-04T08:58:04.000Z,139.84169,35.577112,0,14350
2019-01-04T08:58:04.000Z,139.84169,35.577112,0,14350
2019-01-04T09:04:02.000Z,139.84105300000002,35.576875,0,24540
2019-01-04T09:04:02.000Z,139.84105300000002,35.576875,0,24540
2019-01-04T09:04:02.000Z,139.84105300000002,35.576875,0,24540
2019-01-04T09:07:00.000Z,139.84069499999998,35.576802,0,26130
2019-01-04T09:07:00.000Z,139.84069499999998,35.576802,0,26130
2019-01-04T09:07:00.000Z,139.84069499999998,35.576802,0,26130
2019-01-04T09:10:02.000Z,139.84045,35.576762,0,16530
2019-01-04T09:10:02.000Z,139.84045,35.576762,0,16530
2019-01-04T09:10:02.000Z,139.84045,35.576762,0,16530
2019-01-04T09:13:03.000Z,139.840627,35.576762,0,8070
2019-01-04T09:13:03.000Z,139.840627,35.576762,0,8070
2019-01-04T09:13:03.000Z,139.840627,35.576762,0,8070
2019-01-04T09:19:01.000Z,139.84105,35.577085,0,5450
2019-01-04T09:19:01.000Z,139.84105,35.577085,0,5450
2019-01-04T09:19:01.000Z,139.84105,35.577085,0,5450
2019-01-04T09:22:03.000Z,139.841172,35.57705,0,23090
2019-01-04T09:22:03.000Z,139.841172,35.57705,0,23090
2019-01-04T09:22:03.000Z,139.841172,35.57705,0,23090
2019-01-04T09:25:02.000Z,139.840982,35.576988,0,26830
2019-01-04T09:25:02.000Z,139.840982,35.576988,0,26830
2019-01-04T09:25:02.000Z,139.840982,35.576988,0,26830
2019-01-04T09:31:00.000Z,139.840713,35.576877,0,12030
2019-01-04T09:31:00.000Z,139.840713,35.576877,0,12030
2019-01-04T09:31:00.000Z,139.840713,35.576877,0,12030
2019-01-04T09:34:03.000Z,139.840857,35.57693,0,4710
2019-01-04T09:34:03.000Z,139.840857,35.57693,0,4710
2019-01-04T09:34:03.000Z,139.840857,35.57693,0,4710
2019-01-04T09:40:02.000Z,139.84108500000002,35.57704000000001,0,13480
2019-01-04T09:40:02.000Z,139.84108500000002,35.57704000000001,0,13480
2019-01-04T09:40:02.000Z,139.84108500000002,35.57704000000001,0,13480
2019-01-04T09:46:01.000Z,139.840757,35.576948,0,25860
2019-01-04T09:46:01.000Z,139.840757,35.576948,0,25860
2019-01-04T09:46:01.000Z,139.840757,35.576948,0,25860
2019-01-04T09:49:10.000Z,139.84060300000002,35.57685700000001,0,23780
2019-01-04T09:49:10.000Z,139.84060300000002,35.57685700000001,0,23780
2019-01-04T09:49:10.000Z,139.84060300000002,35.57685700000001,0,23780
2019-01-04T09:55:11.000Z,139.840605,35.576825,0,3890
2019-01-04T09:55:11.000Z,139.840605,35.576825,0,3890
2019-01-04T09:55:11.000Z,139.840605,35.576825,0,3890
2019-01-04T10:01:07.000Z,139.840735,35.576947,0,5870
2019-01-04T10:01:07.000Z,139.840735,35.576947,0,5870
2019-01-04T10:01:07.000Z,139.840735,35.576947,0,5870
2019-01-04T10:04:08.000Z,139.840745,35.576937,0,22440
2019-01-04T10:04:08.000Z,139.840745,35.576937,0,22440
2019-01-04T10:04:08.000Z,139.840745,35.576937,0,22440
2019-01-04T10:10:03.000Z,139.840502,35.5768,0,22970
2019-01-04T10:10:03.000Z,139.840502,35.5768,0,22970
2019-01-04T10:10:03.000Z,139.840502,35.5768,0,22970
2019-01-04T10:13:08.000Z,139.840495,35.57674,0,19280
2019-01-04T10:13:08.000Z,139.840495,35.57674,0,19280
2019-01-04T10:13:08.000Z,139.840495,35.57674,0,19280
2019-01-04T10:19:04.000Z,139.840583,35.576808,0,5820
2019-01-04T10:19:04.000Z,139.840583,35.576808,0,5820
2019-01-04T10:19:04.000Z,139.840583,35.576808,0,5820
2019-01-04T10:25:01.000Z,139.840905,35.57698,0,6940
2019-01-04T10:25:01.000Z,139.840905,35.57698,0,6940
2019-01-04T10:25:01.000Z,139.840905,35.57698,0,6940
2019-01-04T10:31:02.000Z,139.84121499999998,35.577098,0,8370
2019-01-04T10:31:02.000Z,139.84121499999998,35.577098,0,8370
2019-01-04T10:31:02.000Z,139.84121499999998,35.577098,0,8370
2019-01-04T10:34:03.000Z,139.841097,35.577007,0,23480
2019-01-04T10:34:03.000Z,139.841097,35.577007,0,23480
2019-01-04T10:34:03.000Z,139.841097,35.577007,0,23480
2019-01-04T10:43:00.000Z,139.840432,35.576722,0,17690
2019-01-04T10:43:00.000Z,139.840432,35.576722,0,17690
2019-01-04T10:43:00.000Z,139.840432,35.576722,0,17690
2019-01-04T10:46:03.000Z,139.840503,35.57672,0,6770
2019-01-04T10:49:10.000Z,139.840683,35.57685,0,3970
2019-01-04T10:55:01.000Z,139.841003,35.57703,0,15650
2019-01-04T10:55:02.000Z,139.841003,35.57703,0,15650
2019-01-04T11:28:04.000Z,139.840568,35.576818,0,19090
2019-01-04T11:30:51.000Z,139.840587,35.576773,0,2710
2019-01-04T12:10:04.000Z,139.84093700000003,35.577008,0,3910
2019-01-04T12:52:04.000Z,139.841513,35.577122,0,26320
2019-01-04T13:04:01.000Z,139.842772,35.576732,0,14150
2019-01-04T13:04:11.000Z,139.842747,35.57672,0,14150
2019-01-04T13:16:03.000Z,139.843252,35.575668,0,18270
2019-01-04T13:25:05.000Z,139.843147,35.575467,0,320
2019-01-04T13:58:04.000Z,139.84323700000002,35.576078,0,21590
2019-01-04T14:40:01.000Z,139.843195,35.575403,0,25080
2019-01-04T15:10:04.000Z,139.843187,35.575477,0,21680
2019-01-04T15:40:04.000Z,139.842967,35.57503,0,19920
2019-01-05T16:12:27.000Z,139.783567,35.605533,0,19740
