timestamp,longitude,latitude,speed,direction
2020-01-24T13:37:33.000Z,55.050307,24.992855,0,15880
2020-01-24T13:44:22.000Z,55.049803,24.993667,1,10790
2020-01-24T13:45:11.000Z,55.050333,24.99279,7,19740
2020-01-24T13:57:25.000Z,55.050333,24.992848,0,15950
2020-01-24T14:06:25.000Z,55.050318,24.99286,0,15940
2020-01-24T14:12:25.000Z,55.050298,24.992885,0,15930
2020-01-24T14:27:24.000Z,55.050325,24.992847,0,15900
2020-01-24T14:39:25.000Z,55.050318,24.992868,0,15880
2020-01-24T14:54:25.000Z,55.050322,24.992865,0,15890
2020-01-24T15:09:24.000Z,55.050352,24.992865,0,15910
2020-01-24T15:09:30.000Z,55.050352,24.992865,0,15900
2020-01-24T15:21:25.000Z,55.050332,24.992867,0,15930
2020-01-24T15:36:25.000Z,55.050328,24.992863,0,15910
2020-01-24T15:51:23.000Z,55.050328,24.992867,0,15890
2020-01-24T16:03:24.000Z,55.050323,24.992858,0,15890
2020-01-24T16:15:25.000Z,55.050318,24.992857,0,15900
2020-01-24T16:27:24.000Z,55.050308,24.992865,0,15910
2020-01-24T16:30:25.000Z,55.050312,24.99286,0,15910
2020-01-24T16:45:24.000Z,55.05031999999999,24.992858,0,15930
2020-01-24T16:57:31.000Z,55.05031999999999,24.992862,0,33920
2020-01-24T17:09:32.000Z,55.050323,24.992853,0,15920
2020-01-24T17:20:43.000Z,55.05044,24.992863,0,8510
2020-01-24T17:22:22.000Z,55.050628,24.992883,0,9810
2020-01-24T17:23:52.000Z,55.050817,24.99273,1,14360
2020-01-24T17:24:22.000Z,55.050928000000006,24.992577,2,14390
2020-01-24T17:24:53.000Z,55.051082,24.992382,3,14340
2020-01-24T17:25:13.000Z,55.051212,24.992228,3,14040
2020-01-24T17:25:31.000Z,55.051348,24.992092,4,13870
2020-01-24T17:25:52.000Z,55.051525,24.991912,4,13640
2020-01-24T17:26:13.000Z,55.051702,24.991715,4,13990
2020-01-24T17:26:31.000Z,55.05185,24.991543,4,14270
2020-01-24T17:26:52.000Z,55.052018,24.991343,4,14300
2020-01-24T17:27:13.000Z,55.05217800000001,24.991147,4,14300
2020-01-24T17:27:31.000Z,55.052313,24.990978,4,14320
2020-01-24T17:27:52.000Z,55.05246500000001,24.990788,4,14340
2020-01-24T17:28:13.000Z,55.052595,24.990627,3,14280
2020-01-24T17:28:42.000Z,55.05275500000001,24.990425,3,14430
2020-01-24T17:29:12.000Z,55.0529,24.990237,3,14540
2020-01-24T17:29:43.000Z,55.053045,24.99004,2,14580
2020-01-24T17:30:12.000Z,55.053173,24.989863,2,14940
2020-01-24T17:30:43.000Z,55.053295,24.989675,2,15240
2020-01-24T17:31:15.000Z,55.053412,24.98949,2,15050
2020-01-24T17:31:48.000Z,55.053528,24.98931,2,15020
2020-01-24T17:32:25.000Z,55.053645,24.989122,2,15270
2020-01-24T17:33:01.000Z,55.053748,24.988955,2,15660
2020-01-24T17:33:43.000Z,55.053847,24.988783,1,15350
2020-01-24T17:34:28.000Z,55.05395,24.988615,1,15510
2020-01-24T17:35:22.000Z,55.054062,24.988435,1,15670
2020-01-24T17:36:19.000Z,55.054188,24.988258,1,14550
2020-01-24T17:37:15.000Z,55.054335,24.988087,1,14370
2020-01-24T17:38:09.000Z,55.054512,24.988015,1,9420
2020-01-24T17:39:01.000Z,55.054683,24.988125,1,3840
2020-01-24T17:39:38.000Z,55.054745,24.988325,2,970
2020-01-24T17:40:01.000Z,55.054735,24.988515,3,35690
2020-01-24T17:40:22.000Z,55.054695,24.988723,3,34950
2020-01-24T17:40:41.000Z,55.054622,24.988937,4,34250
2020-01-24T17:41:02.000Z,55.054515,24.989202,5,34000
2020-01-24T17:41:22.000Z,55.054413,24.989487,5,34070
2020-01-24T17:41:41.000Z,55.054302,24.98978,6,33990
2020-01-24T17:41:53.000Z,55.054213,24.989972,6,33680
2020-01-24T17:42:11.000Z,55.054078,24.99028,7,33830
2020-01-24T17:42:22.000Z,55.05399,24.99048,7,33830
2020-01-24T17:42:32.000Z,55.05390799999999,24.990668,7,33830
2020-01-24T17:42:41.000Z,55.053828,24.990842,8,33830
2020-01-24T17:42:53.000Z,55.053735,24.991065,8,33930
2020-01-24T17:43:02.000Z,55.05364,24.991272,8,33810
2020-01-24T17:43:11.000Z,55.053555,24.991463,9,33830
2020-01-24T17:43:23.000Z,55.053447,24.991705,9,33830
2020-01-24T17:43:33.000Z,55.05335,24.991933,9,33840
2020-01-24T17:43:41.000Z,55.05326,24.992143,9,33830
2020-01-24T17:43:53.000Z,55.05315,24.992405,10,33920
2020-01-24T17:44:02.000Z,55.053048,24.99265,10,33910
2020-01-24T17:44:11.000Z,55.05295200000001,24.992873,10,33810
2020-01-24T17:44:22.000Z,55.052832,24.993152,10,33900
2020-01-24T17:44:32.000Z,55.05272,24.993408,10,33810
2020-01-24T17:44:41.000Z,55.052615,24.993645,11,33810
2020-01-24T17:44:53.000Z,55.052488,24.993938,11,33810
2020-01-24T17:45:02.000Z,55.052372,24.994208,11,33810
2020-01-24T17:45:11.000Z,55.05226500000001,24.994457,11,33810
2020-01-24T17:45:23.000Z,55.05213199999999,24.994762,11,33800
2020-01-24T17:45:32.000Z,55.052008,24.995045,12,33800
2020-01-24T17:45:41.000Z,55.051895,24.995302,12,33800
2020-01-24T17:45:53.000Z,55.05175500000001,24.995618,12,33830
2020-01-24T17:46:02.000Z,55.05161999999999,24.995907,12,33690
2020-01-24T17:46:12.000Z,55.051485,24.996198,12,33680
2020-01-24T17:46:23.000Z,55.05135500000001,24.996497,12,33830
2020-01-24T17:46:31.000Z,55.051247,24.99677,12,33920
2020-01-24T17:46:41.000Z,55.051127,24.997077,12,34000
2020-01-24T17:46:53.000Z,55.05099000000001,24.997418,13,33990
2020-01-24T17:47:01.000Z,55.050878,24.9977,13,33990
2020-01-24T17:47:12.000Z,55.050737,24.998045,13,33930
2020-01-24T17:47:21.000Z,55.050622,24.998332,13,34000
2020-01-24T17:47:31.000Z,55.050497,24.998652,13,34000
2020-01-24T17:47:41.000Z,55.050367,24.998975,13,34000
2020-01-24T17:47:53.000Z,55.050225,24.999333,13,33990
2020-01-24T17:48:01.000Z,55.050105,24.99963,13,33980
2020-01-24T17:48:13.000Z,55.04995699999999,24.999993,14,33980
2020-01-24T17:48:21.000Z,55.04983299999999,25.000292,14,33990
2020-01-24T17:48:31.000Z,55.04969499999999,25.000627,14,33930
2020-01-24T17:48:41.000Z,55.049563,25.000965,14,34000
2020-01-24T17:48:52.000Z,55.049422,25.001302,14,33990
2020-01-24T17:49:01.000Z,55.049283,25.001643,14,33990
2020-01-24T17:49:13.000Z,55.04913000000001,25.00202,14,33990
2020-01-24T17:49:21.000Z,55.049002,25.002328,14,33920
2020-01-24T17:49:31.000Z,55.048857,25.002675,14,33930
2020-01-24T17:49:41.000Z,55.048717,25.003023,14,33930
2020-01-24T17:49:52.000Z,55.048575,25.003375,14,34000
2020-01-24T17:50:01.000Z,55.048433,25.003728,15,34000
2020-01-24T17:50:12.000Z,55.048275,25.004118,15,34000
2020-01-24T17:50:21.000Z,55.04814200000001,25.004437,15,34000
2020-01-24T17:50:31.000Z,55.048,25.004797,15,34000
2020-01-24T17:50:41.000Z,55.04785500000001,25.005157,15,34000
2020-01-24T17:50:52.000Z,55.04771,25.005518,15,34000
2020-01-24T17:51:01.000Z,55.047562,25.005882,15,34000
2020-01-24T17:51:12.000Z,55.047415,25.006245,15,34000
2020-01-24T17:51:21.000Z,55.04726700000001,25.006612,15,34000
2020-01-24T17:51:32.000Z,55.047103,25.007015,15,34000
2020-01-24T17:51:41.000Z,55.04697,25.007347,15,34000
2020-01-24T17:51:52.000Z,55.04682,25.007717,15,34000
2020-01-24T17:52:01.000Z,55.04667,25.008088,15,34000
2020-01-24T17:52:11.000Z,55.046517,25.008458,15,33940
2020-01-24T17:52:21.000Z,55.046365,25.008832,15,34000
2020-01-24T17:52:32.000Z,55.046212,25.009207,15,33940
2020-01-24T17:52:41.000Z,55.046058,25.009582,15,33940
2020-01-24T17:52:52.000Z,55.045903,25.009957,15,33940
2020-01-24T17:53:01.000Z,55.04575,25.010333,15,33950
2020-01-24T17:53:12.000Z,55.0456,25.010712,16,33960
2020-01-24T17:53:21.000Z,55.045448,25.011092,16,34000
2020-01-24T17:53:32.000Z,55.045297,25.011472,16,34000
2020-01-24T17:53:41.000Z,55.045143,25.011852,16,34000
2020-01-24T17:53:52.000Z,55.04499000000001,25.012233,16,34000
2020-01-24T17:54:01.000Z,55.04483199999999,25.012613,16,33950
2020-01-24T17:54:12.000Z,55.04467800000001,25.012998,16,34010
2020-01-24T17:54:21.000Z,55.044525,25.01339,16,34000
2020-01-24T17:54:32.000Z,55.044363,25.013787,16,34000
2020-01-24T17:54:41.000Z,55.044198,25.01419,17,33940
2020-01-24T17:54:52.000Z,55.044028,25.0146,17,34000
2020-01-24T17:55:01.000Z,55.04386,25.015018,17,33940
2020-01-24T17:55:11.000Z,55.043687,25.015442,17,33960
2020-01-24T17:55:21.000Z,55.043515,25.015872,18,34010
2020-01-24T17:55:31.000Z,55.043338,25.016307,18,34000
2020-01-24T17:55:41.000Z,55.043163,25.016747,18,34000
2020-01-24T17:55:52.000Z,55.04297800000001,25.017192,18,33950
2020-01-24T17:56:01.000Z,55.042815,25.017595,18,33950
2020-01-24T17:56:11.000Z,55.042612,25.018093,19,34000
2020-01-24T17:56:21.000Z,55.042425,25.018552,19,33990
2020-01-24T17:56:31.000Z,55.04224,25.019012,19,33970
2020-01-24T17:56:42.000Z,55.042023,25.01952,19,33890
2020-01-24T17:56:52.000Z,55.041848,25.01994,19,33900
2020-01-24T17:57:01.000Z,55.041672,25.020367,20,33950
2020-01-24T17:57:11.000Z,55.041457,25.020892,20,33950
2020-01-24T17:57:21.000Z,55.041273,25.021325,20,33910
2020-01-24T17:57:31.000Z,55.041075,25.021812,20,33960
2020-01-24T17:57:42.000Z,55.040832,25.022402,20,33950
2020-01-24T17:57:52.000Z,55.04064200000001,25.022847,20,33900
2020-01-24T17:58:01.000Z,55.040458,25.0233,21,33960
2020-01-24T17:58:11.000Z,55.04023299999999,25.02386,21,33980
2020-01-24T17:58:22.000Z,55.039987,25.024420000000006,21,33870
2020-01-24T17:58:31.000Z,55.039812,25.024835,21,33860
2020-01-24T17:58:42.000Z,55.03954,25.02546,22,33840
2020-01-24T17:58:52.000Z,55.039315,25.025923,22,33630
2020-01-24T17:59:01.000Z,55.0391,25.026398,22,33730
2020-01-24T17:59:11.000Z,55.038835,25.026982,22,33720
2020-01-24T17:59:22.000Z,55.038577,25.027573,22,33830
2020-01-24T17:59:31.000Z,55.038383,25.028003,22,33780
2020-01-24T17:59:43.000Z,55.038072,25.028643,23,33610
2020-01-24T17:59:52.000Z,55.03784,25.029128,23,33610
2020-01-24T18:00:02.000Z,55.037548,25.02972,23,33590
2020-01-24T18:00:11.000Z,55.037292,25.030198,23,33490
2020-01-24T18:00:22.000Z,55.03696,25.030777,23,33270
2020-01-24T18:00:35.000Z,55.036527,25.031438,23,32970
2020-01-24T18:00:41.000Z,55.036323,25.031742,23,32870
2020-01-24T18:00:52.000Z,55.035958,25.032233,23,32620
2020-01-24T18:01:02.000Z,55.035573,25.032792,23,32760
2020-01-24T18:01:12.000Z,55.035235,25.033233,23,32600
2020-01-24T18:01:22.000Z,55.03479300000001,25.033758,23,32310
2020-01-24T18:01:31.000Z,55.034472,25.034142000000006,23,32270
2020-01-24T18:01:41.000Z,55.03400500000001,25.034657,24,32080
2020-01-24T18:01:52.000Z,55.033585,25.035132,24,32120
2020-01-24T18:02:02.000Z,55.03311,25.035653,24,32050
2020-01-24T18:02:11.000Z,55.032742000000006,25.036017,24,31800
2020-01-24T18:02:22.000Z,55.032172,25.036552,24,31620
2020-01-24T18:02:32.000Z,55.031737,25.03695,24,31550
2020-01-24T18:02:41.000Z,55.03123299999999,25.037377,24,31340
2020-01-24T18:02:52.000Z,55.030747,25.037828,25,31500
2020-01-24T18:03:02.000Z,55.030183,25.038302,25,31290
2020-01-24T18:03:11.000Z,55.029725,25.038697,25,31360
2020-01-24T18:03:22.000Z,55.029158,25.039177,25,31260
2020-01-24T18:03:32.000Z,55.028697,25.039577,25,31360
2020-01-24T18:03:41.000Z,55.028185,25.040027,25,31380
2020-01-24T18:03:51.000Z,55.027662,25.040468,25,31320
2020-01-24T18:04:02.000Z,55.027088,25.040965,25,31330
2020-01-24T18:04:10.000Z,55.026722,25.041283,26,31370
2020-01-24T18:04:23.000Z,55.02604,25.041878,26,31390
2020-01-24T18:04:32.000Z,55.025555,25.042285,26,31290
2020-01-24T18:04:40.000Z,55.025128,25.042655,26,31350
2020-01-24T18:04:51.000Z,55.024487,25.043213,26,31380
2020-01-24T18:05:04.000Z,55.02384,25.043772,26,31370
2020-01-24T18:05:10.000Z,55.02352,25.044058,27,31440
2020-01-24T18:05:22.000Z,55.02281800000001,25.044672,27,31380
2020-01-24T18:05:33.000Z,55.02221700000001,25.04519,27,31350
2020-01-24T18:05:40.000Z,55.021888,25.045475,27,31360
2020-01-24T18:05:51.000Z,55.021233,25.046052,27,31440
2020-01-24T18:06:04.000Z,55.020577,25.046635,27,31440
2020-01-24T18:06:15.000Z,55.019912,25.047215,27,31390
2020-01-24T18:06:22.000Z,55.019522,25.047553,27,31360
2020-01-24T18:06:33.000Z,55.018905,25.04809,27,31380
2020-01-24T18:06:46.000Z,55.018237,25.048682,28,31420
2020-01-24T18:06:51.000Z,55.0179,25.048978,28,31410
2020-01-24T18:07:04.000Z,55.017223,25.049572,28,31370
2020-01-24T18:07:10.000Z,55.016882,25.049865,28,31350
2020-01-24T18:07:22.000Z,55.016145,25.050517000000006,28,31420
2020-01-24T18:07:33.000Z,55.015515,25.051063,28,31350
2020-01-24T18:08:40.000Z,55.011695,25.054387,29,31350
2020-01-24T18:08:52.000Z,55.010993000000006,25.054993,29,31360
2020-01-24T18:09:04.000Z,55.01029499999999,25.055607,29,31390
2020-01-24T18:09:10.000Z,55.009947,25.055913,29,31390
2020-01-24T18:09:22.000Z,55.00917800000001,25.056572,29,31320
2020-01-24T18:09:33.000Z,55.008532,25.057135,29,31360
2020-01-24T18:09:40.000Z,55.008177,25.057442,29,31360
2020-01-24T18:09:52.000Z,55.00746700000001,25.058055,29,31370
2020-01-24T18:10:04.000Z,55.00675500000001,25.058672,29,31380
2020-01-24T18:10:10.000Z,55.006402,25.058983,29,31410
2020-01-24T18:10:22.000Z,55.00563199999999,25.059655,29,31370
2020-01-24T18:10:34.000Z,55.00496800000001,25.060215,29,31310
2020-01-24T18:10:46.000Z,55.004248,25.060833,29,31350
2020-01-24T18:10:52.000Z,55.00389200000001,25.061143,30,31360
2020-01-24T18:11:04.000Z,55.003177,25.061770000000006,30,31380
2020-01-24T18:11:10.000Z,55.00281999999999,25.062083,30,31400
2020-01-24T18:11:22.000Z,55.0021,25.062703,30,31330
2020-01-24T18:11:34.000Z,55.001378,25.063325,30,31340
2020-01-24T18:11:40.000Z,55.001018,25.063637,30,31360
2020-01-24T18:11:52.000Z,55.000288,25.064253,30,31320
2020-01-24T18:12:04.000Z,54.999565,25.064877,30,31320
2020-01-24T18:12:10.000Z,54.999208,25.065192,30,31370
2020-01-24T18:12:22.000Z,54.998498,25.065828,30,31440
2020-01-24T18:12:34.000Z,54.997792,25.066468,30,31480
2020-01-24T18:12:40.000Z,54.99743,25.066782,30,31410
2020-01-24T18:12:52.000Z,54.996712,25.067412,30,31390
2020-01-24T18:13:04.000Z,54.995998,25.068048,30,31430
2020-01-24T18:13:10.000Z,54.99564,25.068365,30,31400
2020-01-24T18:13:21.000Z,54.99491800000001,25.068997,30,31390
2020-01-24T18:13:34.000Z,54.994212,25.06964,30,31480
2020-01-24T18:13:46.000Z,54.993505000000006,25.070287,30,31530
2020-01-24T18:13:52.000Z,54.99315,25.070608,30,31470
2020-01-24T18:14:04.000Z,54.992452,25.07126,30,31550
2020-01-24T18:14:10.000Z,54.992102,25.071587,30,31560
2020-01-24T18:14:21.000Z,54.991397,25.072232,30,31530
2020-01-24T18:14:34.000Z,54.990692,25.072875,30,31530
2020-01-24T18:14:40.000Z,54.990343,25.0732,30,31550
2020-01-24T18:14:52.000Z,54.989638,25.073843,30,31510
2020-01-24T18:15:04.000Z,54.988935,25.074487,30,31490
2020-01-24T18:15:10.000Z,54.988580000000006,25.074812,30,31500
2020-01-24T18:15:22.000Z,54.98788,25.07546,30,31560
2020-01-24T18:15:34.000Z,54.98718,25.076108,30,31550
2020-01-24T18:15:40.000Z,54.98682700000001,25.076432,30,31510
2020-01-24T18:15:52.000Z,54.986125,25.07708,30,31530
2020-01-24T18:16:04.000Z,54.985413,25.077720000000006,30,31480
2020-01-24T18:16:10.000Z,54.985062,25.078045,30,31540
2020-01-24T18:16:22.000Z,54.984357,25.078693,30,31530
2020-01-24T18:16:34.000Z,54.983593000000006,25.079398,30,31520
2020-01-24T18:16:40.000Z,54.983298,25.079667,30,31480
2020-01-24T18:16:52.000Z,54.98259,25.080317,30,31550
2020-01-24T18:17:04.000Z,54.981873,25.080957,30,31450
2020-01-24T18:17:16.000Z,54.98117,25.08161,30,31550
2020-01-24T18:17:21.000Z,54.980817,25.081932,30,31540
2020-01-24T18:17:34.000Z,54.980105,25.08257,30,31470
2020-01-24T18:17:41.000Z,54.97975200000001,25.082893,30,31470
2020-01-24T18:17:52.000Z,54.979047,25.083535,30,31480
2020-01-24T18:18:04.000Z,54.978345,25.084183,30,31540
2020-01-24T18:18:16.000Z,54.977637,25.08482,30,31470
2020-01-24T18:18:22.000Z,54.97728000000001,25.085137,30,31440
2020-01-24T18:18:34.000Z,54.97658199999999,25.085783,30,31540
2020-01-24T18:18:40.000Z,54.976237,25.08611,30,31560
2020-01-24T18:18:52.000Z,54.975530000000006,25.08675,30,31510
2020-01-24T18:19:04.000Z,54.974878,25.087335,30,31480
2020-01-24T18:19:16.000Z,54.9741,25.088022,30,31380
2020-01-24T18:19:22.000Z,54.973733,25.088332,30,31310
2020-01-24T18:19:34.000Z,54.973018,25.088965,30,31420
2020-01-24T18:19:40.000Z,54.97265,25.089272,30,31300
2020-01-24T18:19:52.000Z,54.97194200000001,25.089912,30,31480
2020-01-24T18:20:03.000Z,54.97127800000001,25.090483,30,31350
2020-01-24T18:20:16.000Z,54.970515,25.09118,30,31510
2020-01-24T18:20:22.000Z,54.97015699999999,25.091493,30,31490
2020-01-24T18:20:34.000Z,54.969428,25.092117,30,31360
2020-01-24T18:20:45.000Z,54.96870500000001,25.092745,30,31340
2020-01-24T18:20:52.000Z,54.96834000000001,25.093055,30,31330
2020-01-24T18:21:03.000Z,54.967668,25.093628,30,31330
2020-01-24T18:21:16.000Z,54.966872,25.094302,30,31300
2020-01-24T18:21:22.000Z,54.96650500000001,25.094613,30,31310
2020-01-24T18:21:34.000Z,54.965768,25.095242,30,31290
2020-01-24T18:21:46.000Z,54.965033,25.09587,30,31350
2020-01-24T18:21:52.000Z,54.964663,25.096182,30,31290
2020-01-24T18:22:10.000Z,54.963557,25.097127,30,31340
2020-01-24T18:22:22.000Z,54.962815,25.09775,30,31290
2020-01-24T18:22:34.000Z,54.96208299999999,25.09838,30,31330
2020-01-24T18:22:46.000Z,54.96135200000001,25.099012,30,31340
2020-01-24T18:22:52.000Z,54.960987,25.099328,30,31380
2020-01-24T18:23:04.000Z,54.960315,25.099907,30,31330
2020-01-24T18:23:10.000Z,54.95988000000001,25.100267,30,31270
2020-01-24T18:23:22.000Z,54.95914499999999,25.100897,30,31350
2020-01-24T18:23:34.000Z,54.95841,25.101518,30,31290
2020-01-24T18:23:40.000Z,54.958047,25.101833,30,31320
2020-01-24T18:23:52.000Z,54.957317,25.102453,30,31310
2020-01-24T18:24:10.000Z,54.956235,25.103387,30,31360
2020-01-24T18:24:22.000Z,54.95551,25.103997,29,31320
2020-01-24T18:24:34.000Z,54.954798,25.10461,29,31350
2020-01-24T18:24:40.000Z,54.95444499999999,25.104913,29,31350
2020-01-24T18:24:52.000Z,54.953747,25.10552,29,31370
2020-01-24T18:25:04.000Z,54.95305,25.106118,29,31330
2020-01-24T18:25:10.000Z,54.952705,25.106418,28,31370
2020-01-24T18:25:22.000Z,54.95201700000001,25.10701,28,31340
2020-01-24T18:25:34.000Z,54.951338,25.107602,28,31380
2020-01-24T18:25:46.000Z,54.950662,25.108187,28,31380
2020-01-24T18:25:52.000Z,54.950323,25.108473,28,31320
2020-01-24T18:26:04.000Z,54.949663,25.109042,27,31360
2020-01-24T18:26:10.000Z,54.949337,25.109323,27,31360
2020-01-24T18:26:22.000Z,54.948692,25.109878,27,31370
2020-01-24T18:26:34.000Z,54.948062,25.110427,26,31360
2020-01-24T18:26:40.000Z,54.9478,25.110652,26,31350
2020-01-24T18:26:52.000Z,54.94713,25.11123,25,31350
2020-01-24T18:27:04.000Z,54.946522,25.111757,25,31350
2020-01-24T18:27:10.000Z,54.946222,25.112018,25,31350
2020-01-24T18:27:23.000Z,54.945628,25.112533,25,31350
2020-01-24T18:27:34.000Z,54.945042,25.113042,24,31340
2020-01-24T18:27:45.000Z,54.94451,25.1135,24,31340
2020-01-24T18:27:52.000Z,54.944175,25.11379,24,31340
2020-01-24T18:28:04.000Z,54.94360699999999,25.11428,23,31350
2020-01-24T18:28:10.000Z,54.943325,25.114523,23,31350
2020-01-24T18:28:22.000Z,54.94276800000001,25.115008,23,31360
2020-01-24T18:28:34.000Z,54.94221999999999,25.115487,23,31400
2020-01-24T18:28:45.000Z,54.941725,25.115923,22,31430
2020-01-24T18:28:52.000Z,54.94141,25.116197,22,31370
2020-01-24T18:29:04.000Z,54.940877,25.11666,22,31350
2020-01-24T18:29:10.000Z,54.940612,25.11689,22,31350
2020-01-24T18:29:22.000Z,54.940083,25.117342,22,31310
2020-01-24T18:29:32.000Z,54.93984,25.117520000000006,21,31320
2020-01-24T18:29:34.000Z,54.939562,25.117793,21,31380
2020-01-24T18:29:45.000Z,54.93909,25.118202,21,31380
2020-01-24T18:29:52.000Z,54.938835,25.118427,21,31430
2020-01-24T18:30:04.000Z,54.938287,25.118905,21,31370
2020-01-24T18:30:10.000Z,54.938035,25.119125,21,31360
2020-01-24T18:30:22.000Z,54.937535,25.11956,21,31350
2020-01-24T18:30:34.000Z,54.937037,25.119992,20,31350
2020-01-24T18:30:45.000Z,54.936585,25.120383,20,31350
2020-01-24T18:30:52.000Z,54.93634,25.120597,20,31350
2020-01-24T18:31:08.000Z,54.93565,25.121195,20,31350
2020-01-24T18:31:17.000Z,54.935288,25.12151,20,31350
2020-01-24T18:31:27.000Z,54.93489,25.121853,20,31400
2020-01-24T18:31:38.000Z,54.934458,25.122228,19,31340
2020-01-24T18:31:47.000Z,54.93411,25.12253,19,31340
2020-01-24T18:31:58.000Z,54.933688,25.122897,19,31400
2020-01-24T18:32:08.000Z,54.933308,25.123227,19,31390
2020-01-24T18:32:17.000Z,54.93297,25.123520000000006,19,31380
2020-01-24T18:32:28.000Z,54.932597,25.123843,18,31380
2020-01-24T18:32:38.000Z,54.93219000000001,25.124195,18,31380
2020-01-24T18:32:47.000Z,54.931862,25.12448,18,31380
2020-01-24T18:32:58.000Z,54.931462,25.124823000000006,18,31330
2020-01-24T18:33:08.000Z,54.931103,25.125133,18,31340
2020-01-24T18:33:17.000Z,54.930783,25.12541,17,31340
2020-01-24T18:33:27.000Z,54.930433,25.125717,17,31390
2020-01-24T18:33:47.000Z,54.929737,25.12632,17,31360
2020-01-24T18:33:58.000Z,54.92935799999999,25.126648,17,31370
2020-01-24T18:34:08.000Z,54.929017,25.126943,17,31370
2020-01-24T18:34:17.000Z,54.928712,25.127205,17,31370
2020-01-24T18:34:27.000Z,54.928375,25.127497,16,31370
2020-01-24T18:34:48.000Z,54.927708,25.128073,16,31380
2020-01-24T18:34:58.000Z,54.927345,25.128385,16,31380
2020-01-24T18:35:08.000Z,54.927018,25.128668,16,31390
2020-01-24T18:35:17.000Z,54.926727,25.128922,16,31380
2020-01-24T18:35:28.000Z,54.926372,25.129228,16,31380
2020-01-24T18:35:48.000Z,54.92576500000001,25.129752,15,31380
2020-01-24T18:35:58.000Z,54.925413,25.13005,15,31350
2020-01-24T18:36:08.000Z,54.925098,25.13032,15,31320
2020-01-24T18:36:18.000Z,54.924815,25.13056,15,31310
2020-01-24T18:36:28.000Z,54.924478,25.130862,15,31430
2020-01-24T18:36:47.000Z,54.92390500000001,25.131378,15,31520
2020-01-24T18:36:58.000Z,54.923583,25.131682,15,31600
2020-01-24T18:37:08.000Z,54.92329300000001,25.131957,15,31620
2020-01-24T18:37:18.000Z,54.923035,25.132205,15,31630
2020-01-24T18:37:29.000Z,54.92272,25.132505,15,31630
2020-01-24T18:37:38.000Z,54.922437,25.13278,15,31690
2020-01-24T18:37:47.000Z,54.922187,25.133025,15,31690
2020-01-24T18:37:58.000Z,54.921877,25.133325,14,31680
2020-01-24T18:38:08.000Z,54.9216,25.133598000000006,14,31720
2020-01-24T18:38:18.000Z,54.921352,25.133843,14,31690
2020-01-24T18:38:28.000Z,54.921047,25.13414,14,31660
2020-01-24T18:38:38.000Z,54.920763,25.134402,14,31570
2020-01-24T18:38:47.000Z,54.92051,25.134635,14,31580
2020-01-24T18:38:57.000Z,54.92023199999999,25.134897,14,31590
2020-01-24T18:39:08.000Z,54.919927,25.135183,14,31580
2020-01-24T18:39:18.000Z,54.91967800000001,25.135415,14,31580
2020-01-24T18:39:29.000Z,54.919377,25.1357,14,31580
2020-01-24T18:39:38.000Z,54.919103,25.135958,14,31580
2020-01-24T18:39:47.000Z,54.918857,25.136188,14,31640
2020-01-24T18:39:57.000Z,54.918582,25.136443,14,31560
2020-01-24T18:40:08.000Z,54.91828,25.136722,14,31580
2020-01-24T18:40:18.000Z,54.918032,25.136947,14,31460
2020-01-24T18:40:29.000Z,54.917727,25.137218,14,31480
2020-01-24T18:40:38.000Z,54.91745,25.137465,14,31460
2020-01-24T18:40:47.000Z,54.917203,25.137688,14,31460
2020-01-24T18:40:57.000Z,54.916937,25.137943,14,31630
2020-01-24T18:41:05.000Z,54.916755,25.138125,14,31700
2020-01-24T18:41:11.000Z,54.916573,25.138307,14,31740
2020-01-24T18:41:14.000Z,54.916502,25.138388,14,31830
2020-01-24T18:41:21.000Z,54.916328,25.138573,14,31980
2020-01-24T18:41:24.000Z,54.916257,25.138655,13,32030
2020-01-24T18:41:31.000Z,54.91611700000001,25.138818,13,32090
2020-01-24T18:41:35.000Z,54.916025,25.138928,13,32180
2020-01-24T18:41:41.000Z,54.915872,25.139125,13,32410
2020-01-24T18:41:44.000Z,54.91581,25.13921,13,32470
2020-01-24T18:41:52.000Z,54.915665,25.13941,13,32610
2020-01-24T18:41:55.000Z,54.915603,25.139495,13,32660
2020-01-24T18:42:01.000Z,54.915488,25.13967,13,32780
2020-01-24T18:42:04.000Z,54.91541700000001,25.139788,13,32930
2020-01-24T18:42:14.000Z,54.915238,25.140083,13,33050
2020-01-24T18:42:21.000Z,54.915117,25.140292,13,33190
2020-01-24T18:42:34.000Z,54.914913,25.140683,13,33470
2020-01-24T18:42:41.000Z,54.914812,25.140897,13,33610
2020-01-24T18:42:57.000Z,54.914613,25.141393,13,33990
2020-01-24T18:43:05.000Z,54.914532,25.141615,13,34150
2020-01-24T18:43:11.000Z,54.914463,25.14184,13,34280
2020-01-24T18:43:25.000Z,54.91435,25.142262,13,34640
2020-01-24T18:43:31.000Z,54.914308,25.142458,13,34780
2020-01-24T18:43:47.000Z,54.914223,25.143023,13,35230
2020-01-24T18:43:57.000Z,54.914172,25.143358,13,35170
2020-01-24T18:44:08.000Z,54.914135,25.143732,13,35450
2020-01-24T18:44:18.000Z,54.914087,25.144038,13,35240
2020-01-24T18:44:29.000Z,54.914042,25.144415,13,35410
2020-01-24T18:44:39.000Z,54.913997,25.144762,13,35350
2020-01-24T18:45:08.000Z,54.91387,25.145808,14,35340
2020-01-24T18:45:18.000Z,54.913828,25.146187,15,35400
2020-01-24T18:46:08.000Z,54.913578,25.148208,16,35390
2020-01-24T18:46:28.000Z,54.913462,25.149113,17,35380
2020-01-24T18:46:39.000Z,54.913403,25.149552,17,35320
2020-01-24T18:46:47.000Z,54.913348,25.149955,17,35280
2020-01-24T18:47:08.000Z,54.913228,25.150862,18,35270
2020-01-24T18:47:28.000Z,54.913098,25.151842,18,35270
2020-01-24T18:47:48.000Z,54.91297700000001,25.152747,19,35330
2020-01-24T18:47:59.000Z,54.912903,25.153278,19,35270
2020-01-24T18:48:08.000Z,54.91284,25.153717,19,35280
2020-01-24T18:48:39.000Z,54.912627,25.155253,20,35320
2020-01-24T18:48:47.000Z,54.912567,25.155708,20,35320
2020-01-24T18:49:28.000Z,54.91229499999999,25.157763,20,35300
2020-01-24T18:49:39.000Z,54.91221700000001,25.158343,21,35300
2020-01-24T18:49:59.000Z,54.912077,25.159408,21,35290
2020-01-24T18:50:48.000Z,54.911695,25.16213,22,35310
2020-01-24T18:51:08.000Z,54.911548,25.163187,22,35280
2020-01-24T18:51:17.000Z,54.911478,25.163748,22,35330
2020-01-24T18:51:28.000Z,54.911405,25.164312,22,35310
2020-01-24T18:51:38.000Z,54.911327,25.164933,22,35340
2020-01-24T18:52:08.000Z,54.911078,25.166585,22,35230
2020-01-24T18:52:58.000Z,54.910667,25.169487,23,35200
2020-01-24T18:53:38.000Z,54.91041800000001,25.17193,23,35770
2020-01-24T18:53:58.000Z,54.910403,25.17308,24,35970
2020-01-24T18:54:38.000Z,54.910563,25.175582,24,530
2020-01-24T18:55:11.000Z,54.910667,25.176747,24,530
2020-01-24T18:55:27.000Z,54.91085699999999,25.178583,25,550
2020-01-24T18:55:37.000Z,54.910925,25.179283,25,480
2020-01-24T18:55:47.000Z,54.910983,25.17986,25,540
2020-01-24T18:55:58.000Z,54.911048,25.18057,25,470
2020-01-24T18:56:08.000Z,54.911105000000006,25.181217,25,490
2020-01-24T18:57:08.000Z,54.91156700000001,25.18519,26,670
2020-01-24T18:58:08.000Z,54.912243,25.189258,27,940
2020-01-24T18:58:27.000Z,54.91232,25.189653,27,940
2020-01-24T18:58:34.000Z,54.912373,25.19008,27,930
2020-01-24T18:58:40.000Z,54.912453,25.19048,27,930
2020-01-24T18:59:26.000Z,54.91321,25.194665,28,950
2020-01-24T18:59:38.000Z,54.913367,25.195508,28,930
2020-01-24T19:00:02.000Z,54.91365500000001,25.197135,28,910
2020-01-24T19:01:35.000Z,54.914853,25.204027,28,920
2020-01-24T19:03:44.000Z,54.91654499999999,25.21301,28,1070
2020-01-24T19:03:56.000Z,54.91672,25.213863,28,1040
2020-01-24T19:04:02.000Z,54.91679499999999,25.214218,28,1010
2020-01-24T19:04:14.000Z,54.91696,25.215143,28,940
2020-01-24T19:04:32.000Z,54.91715799999999,25.216357,28,840
2020-01-24T19:04:43.000Z,54.917295,25.217285,28,800
2020-01-24T19:05:02.000Z,54.91747700000001,25.2185,28,790
2020-01-24T19:05:14.000Z,54.91761999999999,25.219428,28,800
2020-01-24T19:05:31.000Z,54.917827,25.220642,28,890
2020-01-24T19:05:44.000Z,54.91799200000001,25.221498,28,1010
2020-01-24T19:05:50.000Z,54.918098,25.221993,28,1050
2020-01-24T19:06:02.000Z,54.918272,25.222775,28,1120
2020-01-24T19:06:14.000Z,54.91849200000001,25.223692,28,1210
2020-01-24T19:06:25.000Z,54.918702,25.224538,28,1260
2020-01-24T19:06:37.000Z,54.918907,25.225387,28,1230
2020-01-24T19:07:14.000Z,54.919463,25.22793,28,1050
2020-01-24T19:07:25.000Z,54.919622,25.228777,28,1000
2020-01-24T19:07:31.000Z,54.91969,25.22913,28,960
2020-01-24T19:07:50.000Z,54.91993000000001,25.230473,28,940
2020-01-24T19:11:08.000Z,54.922945,25.24451,28,1040
2020-01-24T19:11:56.000Z,54.923775,25.247922,29,1310
2020-01-24T19:12:32.000Z,54.924398,25.250412,29,1250
2020-01-24T19:12:50.000Z,54.924707,25.251767,29,1170
2020-01-24T19:14:14.000Z,54.926033,25.257743,28,1210
2020-01-24T19:14:26.000Z,54.926228,25.258595,28,1210
2020-01-24T19:15:02.000Z,54.926855,25.261073,29,1320
2020-01-24T19:15:14.000Z,54.927098,25.261992000000006,29,1350
2020-01-24T19:15:20.000Z,54.927212,25.262415,29,1380
2020-01-24T19:16:25.000Z,54.928397,25.267092,28,1250
2020-01-24T19:18:25.000Z,54.93037800000001,25.275575,29,1220
2020-01-24T19:19:44.000Z,54.931737,25.281198,29,1220
2020-01-24T19:19:50.000Z,54.93184,25.281627,29,1220
2020-01-24T19:20:20.000Z,54.932353000000006,25.283762,29,1240
2020-01-24T19:21:02.000Z,54.93304499999999,25.28668,29,1220
2020-01-24T19:21:50.000Z,54.93389000000001,25.29016,29,1290
2020-01-24T19:22:25.000Z,54.934488,25.292638,28,1220
2020-01-24T19:23:49.000Z,54.93624000000001,25.298527,28,1590
2020-01-24T19:24:37.000Z,54.937257,25.301883,28,1520
2020-01-24T19:24:44.000Z,54.93738199999999,25.302303,28,1510
2020-01-24T19:25:02.000Z,54.93774300000001,25.303565,28,1460
2020-01-24T19:25:18.000Z,54.938,25.304475,28,1480
2020-01-24T19:26:26.000Z,54.939482,25.309493,28,1500
2020-01-24T19:26:38.000Z,54.93973,25.310323,28,1470
2020-01-24T19:27:26.000Z,54.940438,25.312737,28,1520
2020-01-24T19:27:30.000Z,54.940583,25.313217,28,1490
2020-01-24T19:28:22.000Z,54.941798,25.317277,27,1560
2020-01-24T19:28:32.000Z,54.942023,25.31801,27,1540
2020-01-24T19:29:56.000Z,54.9437,25.323597,27,1580
2020-01-24T19:30:21.000Z,54.944188,25.32515,26,1620
2020-01-24T19:32:25.000Z,54.946602,25.333175,26,1520
2020-01-24T19:36:26.000Z,54.950773,25.348773,25,1390
2020-01-24T19:37:20.000Z,54.951548,25.351792,25,1100
2020-01-24T19:37:44.000Z,54.951822,25.353312,25,880
2020-01-24T19:37:51.000Z,54.95189499999999,25.353755,25,850
2020-01-24T19:38:08.000Z,54.952058,25.354837,25,810
2020-01-24T19:38:15.000Z,54.95213199999999,25.355282,25,840
2020-01-24T19:38:24.000Z,54.95218199999999,25.355602,25,840
2020-01-24T19:38:32.000Z,54.95231500000001,25.356367,25,910
2020-01-24T19:38:56.000Z,54.952693,25.358267,25,1100
2020-01-24T19:39:23.000Z,54.952967,25.359398,25,1240
2020-01-24T19:39:33.000Z,54.953148,25.360152,25,1200
2020-01-24T19:39:44.000Z,54.953322,25.360972,25,1090
2020-01-24T19:39:56.000Z,54.953447,25.361667,25,970
2020-01-24T19:40:33.000Z,54.953803,25.363943,25,780
2020-01-24T19:41:53.000Z,54.954703,25.369092,25,1030
2020-01-24T19:42:04.000Z,54.954813,25.369668,25,1040
2020-01-24T19:42:16.000Z,54.95499,25.370565,25,990
2020-01-24T19:42:24.000Z,54.955062,25.370948,25,970
2020-01-24T19:42:40.000Z,54.955265,25.372103,25,940
2020-01-24T19:43:22.000Z,54.955728,25.374837,26,850
2020-01-24T19:43:30.000Z,54.955803,25.375295,26,840
2020-01-24T19:43:40.000Z,54.955923,25.376013,26,820
2020-01-24T19:46:51.000Z,54.958027,25.388702,26,900
2020-01-24T19:47:57.000Z,54.95869,25.393093,26,720
2020-01-24T19:48:10.000Z,54.958798,25.393895,26,720
2020-01-24T19:49:29.000Z,54.95976999999999,25.399133,26,1080
2020-01-24T19:50:36.000Z,54.9606,25.403103,26,1060
2020-01-24T19:53:11.000Z,54.96263199999999,25.41381,26,1090
2020-01-24T19:54:33.000Z,54.963725,25.419243,26,960
2020-01-24T19:55:04.000Z,54.964103,25.421235,26,1010
2020-01-24T19:55:10.000Z,54.96420500000001,25.421767000000006,26,1050
2020-01-24T19:55:23.000Z,54.964373,25.42263,26,1020
2020-01-24T19:55:40.000Z,54.964598,25.42376,26,1050
2020-01-24T19:55:52.000Z,54.96476,25.424558,27,1060
2020-01-24T19:56:35.000Z,54.965262,25.42696,27,1070
2020-01-24T19:56:46.000Z,54.96550799999999,25.428158,27,1050
2020-01-24T19:57:03.000Z,54.96571700000001,25.42923,27,1040
2020-01-24T19:57:11.000Z,54.965823,25.429762,27,1030
2020-01-24T19:57:24.000Z,54.965988,25.430633,27,1020
2020-01-24T19:58:46.000Z,54.967055,25.436212,27,1010
2020-01-24T19:58:58.000Z,54.967213,25.43702,27,1030
2020-01-24T19:59:03.000Z,54.96726700000001,25.437287,27,1000
2020-01-24T19:59:10.000Z,54.967375,25.437828,27,1010
2020-01-24T19:59:23.000Z,54.967542,25.438637,27,1050
2020-01-24T19:59:34.000Z,54.96768,25.439312,27,1050
2020-01-24T19:59:40.000Z,54.967795,25.439852,27,1090
2020-01-24T19:59:52.000Z,54.967957,25.44066,27,1050
2020-01-24T20:00:04.000Z,54.968093,25.441338,27,1050
2020-01-24T20:00:10.000Z,54.96820699999999,25.441878,27,1050
2020-01-24T20:02:40.000Z,54.97204,25.45133,26,3180
2020-01-24T20:05:52.000Z,54.98129,25.461118,27,4000
2020-01-24T20:06:03.000Z,54.981782,25.46163,27,4090
2020-01-24T20:06:52.000Z,54.984343,25.464117,27,4340
2020-01-24T20:07:58.000Z,54.987627,25.467485,27,4000
2020-01-24T20:08:40.000Z,54.98965,25.469687,27,4060
2020-01-24T20:12:51.000Z,55.00214,25.482668,27,4090
2020-01-24T20:15:59.000Z,55.011463,25.492412,27,4140
2020-01-24T20:19:09.000Z,55.020913,25.502398,27,4020
2020-01-24T20:19:16.000Z,55.021258,25.502765,27,4040
2020-01-24T20:21:04.000Z,55.02656800000001,25.508247,27,4080
2020-01-24T20:21:34.000Z,55.028035,25.509823,27,4000
2020-01-24T20:22:08.000Z,55.02949200000001,25.511407,27,4020
2020-01-24T20:22:16.000Z,55.030178,25.51214,27,4030
2020-01-24T20:22:21.000Z,55.030423,25.512403,27,4010
2020-01-24T20:22:34.000Z,55.030967,25.512977,27,4070
2020-01-24T20:24:10.000Z,55.03585500000001,25.518043,27,4150
2020-01-24T20:24:29.000Z,55.036698,25.518927,27,4110
2020-01-24T20:24:40.000Z,55.037342,25.519602,27,4070
2020-01-24T20:24:51.000Z,55.037887,25.520173,27,4060
2020-01-24T20:25:03.000Z,55.038423,25.520752,27,4060
2020-01-24T20:27:28.000Z,55.045603,25.528287,27,4160
2020-01-24T20:27:40.000Z,55.046252,25.52896,27,4110
2020-01-24T20:28:03.000Z,55.04735,25.530102,27,4140
2020-01-24T20:29:03.000Z,55.05031700000001,25.533232,27,4040
2020-01-24T20:33:04.000Z,55.062192,25.545725,27,4070
2020-01-24T20:33:15.000Z,55.062835,25.546402,27,4040
2020-01-24T20:38:15.000Z,55.07771700000001,25.561973,27,4060
2020-01-24T20:40:16.000Z,55.083732,25.568228,27,4140
2020-01-24T20:40:22.000Z,55.084028,25.56854,27,4130
2020-01-24T20:40:33.000Z,55.084525,25.569057,27,4110
2020-01-24T20:40:53.000Z,55.08551,25.570093,27,4100
2020-01-24T20:41:53.000Z,55.088452,25.573218,27,4050
2020-01-24T20:42:16.000Z,55.089575,25.574418,27,4020
2020-01-24T20:44:40.000Z,55.096687,25.581852,27,4170
2020-01-24T20:44:59.000Z,55.09764300000001,25.58282,27,4210
2020-01-24T20:45:04.000Z,55.097847,25.583025,27,4200
2020-01-24T20:45:46.000Z,55.100013,25.58522,27,4190
2020-01-24T20:47:22.000Z,55.104497,25.590335,27,3730
2020-01-24T20:47:40.000Z,55.105328,25.591303,27,3810
2020-01-24T20:47:52.000Z,55.105893,25.59194,27,3880
2020-01-24T20:48:04.000Z,55.10641999999999,25.592518,27,3950
2020-01-24T20:48:16.000Z,55.107048,25.593198,27,4020
2020-01-24T20:48:28.000Z,55.107635,25.59382,27,4040
2020-01-24T20:48:34.000Z,55.107878,25.594077,27,4060
2020-01-24T20:48:47.000Z,55.108563,25.594803,27,4050
2020-01-24T20:53:58.000Z,55.122935,25.611508,27,3770
2020-01-24T20:54:28.000Z,55.12432800000001,25.613118,27,3810
2020-01-24T20:54:53.000Z,55.125452,25.614398,27,3850
2020-01-24T20:55:01.000Z,55.125735,25.614717,27,3870
2020-01-24T20:55:28.000Z,55.127127,25.616325,27,3800
2020-01-24T20:55:52.000Z,55.12821700000001,25.617625,27,3730
2020-01-24T20:56:10.000Z,55.129038,25.6186,27,3700
2020-01-24T20:57:21.000Z,55.13231999999999,25.622507,27,3770
2020-01-24T20:57:40.000Z,55.133153,25.62348,27,3800
2020-01-24T20:58:06.000Z,55.134227,25.624717,27,3810
2020-01-24T20:59:45.000Z,55.13902,25.630228,27,3850
2020-01-24T21:00:22.000Z,55.140675,25.63217,27,3770
2020-01-24T21:00:52.000Z,55.142048,25.633798,27,3760
2020-01-24T21:01:55.000Z,55.14478199999999,25.637068,27,3730
2020-01-24T21:02:10.000Z,55.145608,25.638047,27,3750
2020-01-24T21:02:39.000Z,55.146998,25.639668,27,3790
2020-01-24T21:04:28.000Z,55.152032,25.645492,27,3750
2020-01-24T21:04:39.000Z,55.15258000000001,25.646147,27,3740
2020-01-24T21:05:10.000Z,55.153952,25.647788,27,3750
2020-01-24T21:07:07.000Z,55.15916800000001,25.653925,27,3800
2020-01-24T21:07:16.000Z,55.159778,25.654625,27,3840
2020-01-24T21:07:22.000Z,55.16005799999999,25.654948,27,3830
2020-01-24T21:09:45.000Z,55.16670300000001,25.662755,27,3720
2020-01-24T21:15:23.000Z,55.18219200000001,25.680872,27,3750
2020-01-24T21:15:30.000Z,55.182467,25.681195,27,3740
2020-01-24T21:15:41.000Z,55.183012,25.681847,27,3730
2020-01-24T21:17:04.000Z,55.186787,25.686352,27,3770
2020-01-24T21:17:10.000Z,55.187107,25.68673,27,3750
2020-01-24T21:18:16.000Z,55.190183,25.690267,27,3820
2020-01-24T21:18:51.000Z,55.191805,25.692148,27,3780
2020-01-24T21:19:58.000Z,55.194872,25.695778,27,3750
2020-01-24T21:21:52.000Z,55.200127,25.701933,27,3780
2020-01-24T21:22:03.000Z,55.200638,25.702525,27,3810
2020-01-24T21:23:22.000Z,55.204292,25.706792,27,3790
2020-01-24T21:23:58.000Z,55.20594499999999,25.708747,27,3750
2020-01-24T21:26:53.000Z,55.21390699999999,25.718203,27,3790
2020-01-24T21:27:34.000Z,55.215813,25.720417,27,3780
2020-01-24T21:28:03.000Z,55.216923,25.721717,27,3770
2020-01-24T21:30:34.000Z,55.224107,25.730222,27,3810
2020-01-24T21:31:06.000Z,55.225535,25.731832,27,3920
2020-01-24T21:31:22.000Z,55.226448,25.732838,27,3920
2020-01-24T21:32:16.000Z,55.228945,25.735693,27,3780
2020-01-24T21:33:52.000Z,55.233498,25.740943,27,3930
2020-01-24T21:34:46.000Z,55.236112,25.743812,27,3980
2020-01-24T21:35:40.000Z,55.238688,25.746618,27,3960
2020-01-24T21:35:52.000Z,55.23926700000001,25.747257,27,3990
2020-01-24T21:36:40.000Z,55.241553,25.749823000000006,27,3840
2020-01-24T21:37:10.000Z,55.243037,25.75148,27,3950
2020-01-24T21:37:27.000Z,55.243872,25.752368,27,4050
2020-01-24T21:37:33.000Z,55.24417,25.75268,27,4070
2020-01-24T21:37:46.000Z,55.244823,25.75335,27,4130
2020-01-24T21:38:05.000Z,55.245737,25.75427,27,4200
2020-01-24T21:38:20.000Z,55.24629,25.754832,27,4190
2020-01-24T21:38:33.000Z,55.247203000000006,25.755753,27,4170
2020-01-24T21:38:59.000Z,55.248465,25.757033,27,4170
2020-01-24T21:39:16.000Z,55.249312,25.757913,27,4100
2020-01-24T21:40:16.000Z,55.252272,25.761035,27,4020
2020-01-24T21:40:22.000Z,55.252562,25.76135,27,4000
2020-01-24T21:40:47.000Z,55.253797,25.762653,27,4090
2020-01-24T21:41:16.000Z,55.2553,25.764102,27,4380
2020-01-24T21:41:22.000Z,55.25561800000001,25.764398,27,4410
2020-01-24T21:42:40.000Z,55.259745,25.768332,27,4260
2020-01-24T21:42:59.000Z,55.26060500000001,25.769203,27,4180
2020-01-24T21:43:05.000Z,55.260957,25.76956,27,4200
2020-01-24T21:43:17.000Z,55.261513,25.770125,27,4190
2020-01-24T21:43:34.000Z,55.262437,25.77104,27,4250
2020-01-24T21:45:04.000Z,55.26721800000001,25.77558,27,4440
2020-01-24T21:46:33.000Z,55.271833,25.78007,27,4270
2020-01-24T21:46:46.000Z,55.272448,25.78068,27,4250
2020-01-24T21:48:23.000Z,55.277402,25.785553,27,4290
2020-01-24T21:48:34.000Z,55.278022,25.786162,27,4280
2020-01-24T21:48:52.000Z,55.278957,25.787078,27,4290
2020-01-24T21:49:07.000Z,55.279583,25.78768,27,4310
2020-01-24T21:49:10.000Z,55.279898,25.78798,27,4340
2020-01-24T21:49:23.000Z,55.280528,25.788583,27,4330
2020-01-24T21:49:34.000Z,55.28115699999999,25.789187,27,4330
2020-01-24T21:49:52.000Z,55.282098,25.790093,27,4330
2020-01-24T21:50:11.000Z,55.283043000000006,25.790997,27,4340
2020-01-24T21:50:24.000Z,55.283675,25.791598,27,4340
2020-01-24T21:50:40.000Z,55.284622,25.792498,27,4330
2020-01-24T21:50:59.000Z,55.285572,25.793398,27,4350
2020-01-24T21:55:04.000Z,55.29834200000001,25.805858,27,4320
2020-01-24T21:55:38.000Z,55.299925,25.807363,27,4380
2020-01-24T21:57:04.000Z,55.304723,25.811823,27,4440
2020-01-24T21:58:34.000Z,55.30947,25.816323,27,4310
2020-01-24T21:58:46.000Z,55.310098,25.816928,27,4320
2020-01-24T21:59:21.000Z,55.311945,25.818685,27,4400
2020-01-24T21:59:34.000Z,55.312632,25.819337,27,4380
2020-01-24T22:00:04.000Z,55.314233,25.820825,27,4470
2020-01-24T22:00:21.000Z,55.315153,25.821663,27,4470
2020-01-24T22:00:34.000Z,55.315857,25.8223,27,4510
2020-01-24T22:00:44.000Z,55.316183,25.822595,27,4470
2020-01-24T22:01:09.000Z,55.317747,25.824022,27,4460
2020-01-24T22:01:21.000Z,55.318395,25.824613,27,4460
2020-01-24T22:01:37.000Z,55.319033,25.825208,27,4420
2020-01-24T22:01:59.000Z,55.32036,25.826458,27,4380
2020-01-24T22:02:03.000Z,55.320677,25.826758,27,4390
2020-01-24T22:02:21.000Z,55.321578,25.827607,27,4390
2020-01-24T22:03:03.000Z,55.323862,25.829752,27,4400
2020-01-24T22:03:21.000Z,55.324767,25.830597,27,4410
2020-01-24T22:03:59.000Z,55.326738,25.832435,27,4420
2020-01-24T22:04:04.000Z,55.327057,25.832735,27,4420
2020-01-24T22:04:53.000Z,55.329627,25.835117,27,4440
2020-01-24T22:05:16.000Z,55.33091700000001,25.836308,27,4430
2020-01-24T22:05:34.000Z,55.33183,25.837147,27,4440
2020-01-24T22:05:40.000Z,55.33215300000001,25.837445,27,4430
2020-01-24T22:05:54.000Z,55.332852,25.838088,27,4460
2020-01-24T22:06:03.000Z,55.33349499999999,25.838683,27,4460
2020-01-24T22:06:10.000Z,55.33381800000001,25.83898,27,4460
2020-01-24T22:06:28.000Z,55.334785,25.839873,27,4460
2020-01-24T22:06:34.000Z,55.33505200000001,25.840122,27,4460
2020-01-24T22:06:40.000Z,55.335372,25.84042,27,4410
2020-01-24T22:06:52.000Z,55.33606700000001,25.841067,27,4410
2020-01-24T22:07:10.000Z,55.337028,25.841962,27,4420
2020-01-24T22:07:40.000Z,55.338588,25.843398,27,4460
2020-01-24T22:07:57.000Z,55.339558,25.844288,27,4480
2020-01-24T22:08:40.000Z,55.341832,25.846358,27,4500
2020-01-24T22:08:52.000Z,55.342542,25.846995,27,4540
2020-01-24T22:09:16.000Z,55.343853,25.848168,27,4520
2020-01-24T22:09:55.000Z,55.34583000000001,25.84992,27,4570
2020-01-24T22:10:04.000Z,55.346487,25.850507,27,4520
2020-01-24T22:10:10.000Z,55.346817,25.850798,27,4530
2020-01-24T22:10:21.000Z,55.347428,25.85133,27,4600
2020-01-24T22:11:04.000Z,55.349157,25.852822,27,4670
2020-01-24T22:11:14.000Z,55.350108,25.853635,27,4670
2020-01-24T22:12:16.000Z,55.353805,25.856793,27,4670
2020-01-24T22:12:34.000Z,55.35488,25.857693,27,4750
2020-01-24T22:12:52.000Z,55.3559,25.858543,27,4750
2020-01-24T22:13:33.000Z,55.358232,25.860473,27,4750
2020-01-24T22:13:46.000Z,55.35896700000001,25.861088,27,4740
2020-01-24T22:13:52.000Z,55.359305000000006,25.86137,27,4710
2020-01-24T22:14:22.000Z,55.360945,25.862745,27,4710
2020-01-24T22:14:39.000Z,55.361973,25.863585,27,4790
2020-01-24T22:14:52.000Z,55.36272,25.86419,27,4800
2020-01-24T22:15:04.000Z,55.363412,25.864745000000006,27,4840
2020-01-24T22:15:39.000Z,55.36543,25.866365,27,4840
2020-01-24T22:15:58.000Z,55.366547,25.867227,27,4910
2020-01-24T22:16:04.000Z,55.3669,25.867497,27,4970
2020-01-24T22:16:17.000Z,55.367257,25.867765,27,5020
2020-01-24T22:16:20.000Z,55.367557,25.867987,27,5030
2020-01-24T22:16:39.000Z,55.368995,25.869042,27,5120
2020-01-24T22:16:52.000Z,55.369777,25.869612,27,5100
2020-01-24T22:17:04.000Z,55.370498,25.870137,27,5110
2020-01-24T22:17:11.000Z,55.370857,25.8704,27,5080
2020-01-24T22:17:39.000Z,55.372572,25.871693,27,5010
2020-01-24T22:18:11.000Z,55.37441999999999,25.873065,27,5110
2020-01-24T22:18:22.000Z,55.375083,25.873545,27,5140
2020-01-24T22:18:33.000Z,55.375808,25.874063,27,5160
2020-01-24T22:18:52.000Z,55.376963,25.87488,27,5190
2020-01-24T22:19:16.000Z,55.378437,25.875903,27,5220
2020-01-24T22:19:33.000Z,55.379482,25.876623,27,5280
2020-01-24T22:19:58.000Z,55.381025,25.877673,27,5300
2020-01-24T22:20:05.000Z,55.381398,25.877925,27,5340
2020-01-24T22:20:17.000Z,55.382142,25.878425,27,5330
2020-01-24T22:20:24.000Z,55.382513,25.878677,27,5340
2020-01-24T22:21:04.000Z,55.385102,25.880435,27,5270
2020-01-24T22:21:10.000Z,55.385465,25.880695000000006,27,5250
2020-01-24T22:21:28.000Z,55.386502,25.881422,27,5220
2020-01-24T22:21:39.000Z,55.38724200000001,25.881923,27,5320
2020-01-24T22:22:11.000Z,55.38916800000001,25.883198,27,5380
2020-01-24T22:22:28.000Z,55.390252,25.88387,27,5560
2020-01-24T22:22:39.000Z,55.391023,25.884335,27,5630
2020-01-24T22:22:45.000Z,55.391413,25.884558,27,5690
2020-01-24T22:22:52.000Z,55.39188000000001,25.88481,27,5860
2020-01-24T22:23:04.000Z,55.39267,25.885245,27,5980
2020-01-24T22:23:16.000Z,55.39335500000001,25.885747,27,5500
2020-01-24T22:23:23.000Z,55.393763,25.88595,27,5730
2020-01-24T22:24:04.000Z,55.396613,25.887353,27,6030
2020-01-24T22:24:23.000Z,55.397802,25.887988,27,5930
2020-01-24T22:25:03.000Z,55.40049200000001,25.889473,27,5870
2020-01-24T22:25:10.000Z,55.400888,25.889685,27,5900
2020-01-24T22:25:35.000Z,55.402558,25.890548000000006,27,6020
2020-01-24T22:25:46.000Z,55.403367,25.890953,27,6070
2020-01-24T22:26:23.000Z,55.405812,25.892132,27,6200
2020-01-24T22:26:31.000Z,55.40622,25.892327,27,6190
2020-01-24T22:26:46.000Z,55.407448,25.892905,27,6230
2020-01-24T22:26:52.000Z,55.40785500000001,25.8931,27,6180
2020-01-24T22:27:03.000Z,55.408603,25.893455,27,6200
2020-01-24T22:28:16.000Z,55.41350500000001,25.895818,27,6150
2020-01-24T22:28:34.000Z,55.41472,25.896413,27,6180
2020-01-24T22:28:40.000Z,55.41519200000001,25.896645,27,6150
2020-01-24T22:28:52.000Z,55.415935,25.897003,27,6210
2020-01-24T22:29:04.000Z,55.416752,25.897387,27,6240
2020-01-24T22:29:10.000Z,55.41716,25.897577,27,6250
2020-01-24T22:29:29.000Z,55.418048,25.897987,27,6280
2020-01-24T22:29:36.000Z,55.4188,25.89833,27,6290
2020-01-24T22:29:46.000Z,55.41969,25.89874,27,6260
2020-01-24T22:30:18.000Z,55.42166700000001,25.89966,27,6250
2020-01-24T22:30:46.000Z,55.42377,25.900665,27,6170
2020-01-24T22:30:52.000Z,55.424108,25.900827,27,6190
2020-01-24T22:31:04.000Z,55.424922,25.901218,27,6200
2020-01-24T22:31:22.000Z,55.42614,25.901805,27,6190
2020-01-24T22:31:40.000Z,55.427427,25.90243,27,6150
2020-01-24T22:32:17.000Z,55.429798,25.903568,27,6210
2020-01-24T22:32:22.000Z,55.430207,25.903762,27,6220
2020-01-24T22:32:46.000Z,55.431915,25.904557,27,6250
2020-01-24T22:33:03.000Z,55.433078,25.905093,27,6300
2020-01-24T22:33:11.000Z,55.433558,25.905312,27,6290
2020-01-24T22:33:46.000Z,55.43601700000001,25.906457,27,6280
2020-01-24T22:33:52.000Z,55.436425,25.90665,27,6230
2020-01-24T22:34:10.000Z,55.43764300000001,25.907232,27,6200
2020-01-24T22:34:28.000Z,55.43879499999999,25.907787,27,6180
2020-01-24T22:34:38.000Z,55.439198,25.907983,27,6150
2020-01-24T22:34:52.000Z,55.440473,25.908605,27,6150
2020-01-24T22:35:11.000Z,55.44168199999999,25.909195,27,6170
2020-01-24T22:35:22.000Z,55.442418,25.909555,27,6160
2020-01-24T22:35:34.000Z,55.443222,25.909942,27,6180
2020-01-24T22:35:40.000Z,55.443625,25.910135,27,6180
2020-01-24T22:36:04.000Z,55.445237,25.910905,27,6240
2020-01-24T22:36:13.000Z,55.445708,25.911128,27,6250
2020-01-24T22:36:24.000Z,55.446452,25.911472,27,6280
2020-01-24T22:36:40.000Z,55.44767,25.912025,27,6310
2020-01-24T22:37:10.000Z,55.449763,25.91298,27,6330
2020-01-24T22:37:23.000Z,55.45050500000001,25.913323,27,6270
2020-01-24T22:37:51.000Z,55.452513,25.91427,27,6230
2020-01-24T22:38:04.000Z,55.453315,25.914652,27,6220
2020-01-24T22:38:16.000Z,55.454115,25.915032,27,6220
2020-01-24T22:38:34.000Z,55.455313,25.915607,27,6190
2020-01-24T22:38:40.000Z,55.455783,25.915828,27,6190
2020-01-24T22:38:51.000Z,55.456515,25.91618,27,6190
2020-01-24T22:39:04.000Z,55.457317,25.916562,27,6200
2020-01-24T22:39:19.000Z,55.458117,25.916943,27,6210
2020-01-24T22:39:22.000Z,55.458522,25.917133,27,6210
2020-01-24T22:39:35.000Z,55.459323,25.917513,27,6220
2020-01-24T22:39:46.000Z,55.46012800000001,25.91789,27,6260
2020-01-24T22:39:51.000Z,55.46053000000001,25.918082,27,6270
2020-01-24T22:40:09.000Z,55.461738,25.918647,27,6270
2020-01-24T22:40:22.000Z,55.462543,25.919023000000006,27,6260
2020-01-24T22:40:40.000Z,55.46375,25.919592,27,6250
2020-01-24T22:40:58.000Z,55.465022,25.920188,27,6220
2020-01-24T22:41:09.000Z,55.465753,25.920547,27,6190
2020-01-24T22:41:16.000Z,55.466157,25.920737,27,6200
2020-01-24T22:41:22.000Z,55.466558,25.920925,27,6280
2020-01-24T22:41:51.000Z,55.468602,25.921822,27,6430
2020-01-24T22:42:04.000Z,55.469492,25.922202,27,6470
2020-01-24T22:42:23.000Z,55.470728,25.922722,27,6490
2020-01-24T22:42:40.000Z,55.471897,25.923207,27,6520
2020-01-24T22:42:51.000Z,55.472725,25.923545,27,6530
2020-01-24T22:43:04.000Z,55.473622,25.923915,27,6540
2020-01-24T22:43:16.000Z,55.474373,25.924237,27,6460
2020-01-24T22:43:25.000Z,55.474853,25.92444,27,6500
2020-01-24T22:43:34.000Z,55.475603,25.924765,27,6440
2020-01-24T22:43:40.000Z,55.476012,25.924942,27,6440
2020-01-24T22:43:57.000Z,55.477235,25.925477,27,6430
2020-01-24T22:44:04.000Z,55.47771,25.925687,27,6430
2020-01-24T22:44:28.000Z,55.479273,25.926373,27,6420
2020-01-24T22:44:35.000Z,55.47968,25.926553,27,6380
2020-01-24T22:44:46.000Z,55.480498,25.926907,27,6440
2020-01-24T22:44:52.000Z,55.480975,25.927113,27,6440
2020-01-24T22:45:04.000Z,55.481795,25.927465,27,6460
2020-01-24T22:45:24.000Z,55.483027,25.927977,27,6540
2020-01-24T22:45:35.000Z,55.48379300000001,25.928263,27,6710
2020-01-24T22:45:41.000Z,55.484203,25.928425,27,6690
2020-01-24T22:45:52.000Z,55.485055,25.928818,26,6360
2020-01-24T22:46:06.000Z,55.48584200000001,25.929287,26,5700
2020-01-24T22:47:16.000Z,55.489702,25.932167,25,4750
2020-01-24T22:47:22.000Z,55.490073,25.932472,25,4750
2020-01-24T22:47:34.000Z,55.490663,25.932953,25,4810
2020-01-24T22:47:40.000Z,55.490987,25.933212,25,4820
2020-01-24T22:47:52.000Z,55.491648,25.933723,26,4920
2020-01-24T22:48:09.000Z,55.492603,25.934432,26,5080
2020-01-24T22:48:16.000Z,55.493002,25.934718,26,5100
2020-01-24T22:48:22.000Z,55.493347,25.934963,26,5190
2020-01-24T22:48:52.000Z,55.495093,25.936167,26,5290
2020-01-24T22:49:04.000Z,55.49579,25.936647,26,5260
2020-01-24T22:49:22.000Z,55.49683,25.93738,26,5160
2020-01-24T22:49:37.000Z,55.497513,25.937882,26,5120
2020-01-24T22:49:40.000Z,55.497852,25.938135,26,5090
2020-01-24T22:49:52.000Z,55.498525,25.938643,26,5030
2020-01-24T22:50:04.000Z,55.49919000000001,25.939163,26,4940
2020-01-24T22:50:28.000Z,55.500535,25.9402,26,4980
2020-01-24T22:50:33.000Z,55.500875,25.940455,26,5020
2020-01-24T22:50:40.000Z,55.501225,25.940705,26,5140
2020-01-24T22:50:52.000Z,55.50192,25.941207,26,5150
2020-01-24T22:51:04.000Z,55.502627,25.9417,26,5250
2020-01-24T22:51:17.000Z,55.503338,25.942188,26,5270
2020-01-24T22:51:28.000Z,55.504045,25.942687,26,5270
2020-01-24T22:51:37.000Z,55.504403,25.942932,26,5220
2020-01-24T22:51:40.000Z,55.504762,25.943177,27,5260
2020-01-24T22:51:57.000Z,55.505873,25.943873,27,5530
2020-01-24T22:52:04.000Z,55.506247,25.9441,27,5590
2020-01-24T22:52:22.000Z,55.50738199999999,25.944775,27,5670
2020-01-24T22:55:22.000Z,55.508147,25.945217,27,5700
2020-01-24T22:55:32.000Z,55.50852800000001,25.945438,27,5730
2020-01-24T22:55:48.000Z,55.508908,25.945662,27,5720
2020-01-24T22:55:56.000Z,55.509672,25.946103,27,5730
2020-01-24T22:56:19.000Z,55.514123,25.948825,27,5550
2020-01-24T22:57:21.000Z,55.51728000000001,25.950622,27,5870
2020-01-24T22:58:00.000Z,55.523578,25.954015,27,5820
2020-01-24T22:58:15.000Z,55.525523,25.955112,27,5760
2020-01-24T22:58:59.000Z,55.53297,25.959253,27,5910
2020-01-24T22:59:12.000Z,55.533763,25.959683,27,5880
2020-01-24T22:59:30.000Z,55.53489,25.960283,27,5920
2020-01-24T22:59:41.000Z,55.53575,25.960742,27,5950
2020-01-24T22:59:59.000Z,55.536947,25.961377,27,5950
2020-01-24T23:00:41.000Z,55.53973000000001,25.962867000000006,27,5930
2020-01-24T23:00:59.000Z,55.540925,25.963503,27,5940
2020-01-24T23:01:09.000Z,55.54165,25.9639,27,5880
2020-01-24T23:01:35.000Z,55.543303,25.9648,27,5880
2020-01-24T23:01:52.000Z,55.544488,25.965452,27,5880
2020-01-24T23:02:03.000Z,55.545212,25.96585,27,5840
2020-01-24T23:02:15.000Z,55.546002,25.966283,27,5850
2020-01-24T23:02:22.000Z,55.54646500000001,25.966537,27,5850
2020-01-24T23:02:34.000Z,55.547257,25.96697,27,5860
2020-01-24T23:02:40.000Z,55.547653,25.967187,27,5900
2020-01-24T23:02:52.000Z,55.54845,25.967617,27,5890
2020-01-24T23:03:03.000Z,55.549177,25.968013,27,5880
2020-01-24T23:03:22.000Z,55.550427,25.968707,27,5880
2020-01-24T23:03:40.000Z,55.551612,25.969367,27,5860
2020-01-24T23:03:52.000Z,55.55240500000001,25.969802,27,5870
2020-01-24T23:04:03.000Z,55.553132,25.970202,27,5850
2020-01-24T23:04:22.000Z,55.55439300000001,25.970888,27,5900
2020-01-24T23:04:35.000Z,55.555195,25.971312,27,5960
2020-01-24T23:04:46.000Z,55.556,25.971735,27,5990
2020-01-24T23:04:52.000Z,55.556403,25.971943,27,6010
2020-01-24T23:05:04.000Z,55.557208,25.972365,27,6000
2020-01-24T23:05:16.000Z,55.55752,25.972533,27,5960
2020-01-24T23:05:27.000Z,55.55840799999999,25.97301,27,5940
2020-01-24T23:05:34.000Z,55.559203,25.973447,27,5850
2020-01-24T23:05:41.000Z,55.55960200000001,25.973663,27,5890
2020-01-24T23:05:58.000Z,55.560793,25.974318,27,5880
2020-01-24T23:06:04.000Z,55.56119,25.974537,27,5870
2020-01-24T23:06:15.000Z,55.561917,25.974942,27,5820
2020-01-24T23:06:22.000Z,55.562375,25.9752,27,5810
2020-01-24T23:06:34.000Z,55.56316500000001,25.975647,27,5800
2020-01-24T23:06:42.000Z,55.563557,25.97587,27,5760
2020-01-24T23:06:58.000Z,55.564735,25.97655,27,5770
2020-01-24T23:07:04.000Z,55.565128,25.976775,27,5750
2020-01-24T23:07:15.000Z,55.565855000000006,25.977183,27,5800
2020-01-24T23:07:24.000Z,55.566293,25.97744,27,5820
2020-01-24T23:07:25.000Z,55.566315,25.977442,27,5820
2020-01-24T23:07:36.000Z,55.567112,25.977882,27,5850
2020-01-24T23:07:40.000Z,55.567443,25.978062,27,5890
2020-01-24T23:07:52.000Z,55.568313,25.97853,27,5910
2020-01-24T23:08:04.000Z,55.56911700000001,25.97896,27,5940
2020-01-24T23:08:29.000Z,55.570725,25.979818,27,5930
2020-01-24T23:08:36.000Z,55.571127,25.980033,27,5910
2020-01-24T23:08:46.000Z,55.571925,25.98047,27,5890
2020-01-24T23:08:58.000Z,55.57272,25.98091,27,5830
2020-01-24T23:09:28.000Z,55.5747,25.982023,27,5800
2020-01-24T23:09:35.000Z,55.57509200000001,25.982248,27,5770
2020-01-24T23:09:46.000Z,55.57588000000001,25.9827,27,5770
2020-01-24T23:09:52.000Z,55.576273,25.982923,27,5770
2020-01-24T23:10:22.000Z,55.57824,25.984055,27,5760
2020-01-24T23:10:30.000Z,55.578633,25.984283,27,5730
2020-01-24T23:10:40.000Z,55.579347,25.984707,27,5680
2020-01-24T23:10:52.000Z,55.58019,25.985212,27,5680
2020-01-24T23:11:10.000Z,55.58129,25.985882,28,5610
2020-01-24T23:11:23.000Z,55.582132,25.98639,28,5610
2020-01-24T23:11:40.000Z,55.58324200000001,25.987048,28,5670
2020-01-24T23:11:57.000Z,55.584423,25.987735,28,5740
2020-01-24T23:12:09.000Z,55.58521700000001,25.988188,28,5770
2020-01-24T23:12:22.000Z,55.586073,25.988678,28,5790
2020-01-24T23:12:35.000Z,55.586472,25.988903,28,5780
2020-01-24T23:12:40.000Z,55.587193000000006,25.989323,28,5720
2020-01-24T23:13:29.000Z,55.590015,25.990972,28,5720
2020-01-24T23:13:33.000Z,55.59040699999999,25.991205,28,5680
2020-01-24T23:13:42.000Z,55.590797,25.991438,28,5680
2020-01-24T23:13:52.000Z,55.59197,25.99214,28,5660
2020-01-24T23:14:04.000Z,55.592688,25.992567,28,5690
2020-01-24T23:14:10.000Z,55.593082,25.992798,28,5690
2020-01-24T23:14:22.000Z,55.593927,25.993305,28,5670
2020-01-24T23:14:35.000Z,55.59470699999999,25.993773,28,5630
2020-01-24T23:14:46.000Z,55.595422,25.994203,28,5650
2020-01-24T23:14:52.000Z,55.595877,25.994477,28,5660
2020-01-24T23:15:04.000Z,55.596592,25.994902,28,5670
2020-01-24T23:15:16.000Z,55.597442,25.995402,28,5690
2020-01-24T23:15:22.000Z,55.597835,25.995628,28,5710
2020-01-24T23:15:42.000Z,55.599012,25.996312,27,5750
2020-01-24T23:15:51.000Z,55.599727,25.996735,27,5690
2020-01-24T23:16:04.000Z,55.60050699999999,25.997197,27,5700
2020-01-24T23:16:10.000Z,55.600957,25.99747,27,5650
2020-01-24T23:16:27.000Z,55.60248000000001,25.9984,27,5580
2020-01-24T23:16:28.000Z,55.60211500000001,25.998175,27,5590
2020-01-24T23:16:34.000Z,55.6025,25.998413,27,5580
2020-01-24T23:16:43.000Z,55.6032,25.998827,27,5570
2020-01-24T23:16:47.000Z,55.603205,25.998847,27,5570
2020-01-24T23:16:51.000Z,55.603588,25.999085,27,5570
2020-01-24T23:17:03.000Z,55.60435500000001,25.999562,27,5550
2020-01-24T23:17:16.000Z,55.605185,26.000082,27,5520
2020-01-24T23:17:22.000Z,55.60556999999999,26.00032,27,5530
2020-01-24T23:17:34.000Z,55.606337,26.000798,27,5550
2020-01-24T23:17:40.000Z,55.60672,26.001037,27,5550
2020-01-24T23:17:51.000Z,55.607423,26.001468,27,5580
2020-01-24T23:18:03.000Z,55.60819300000001,26.001938,27,5600
2020-01-24T23:18:10.000Z,55.608645,26.002212,27,5640
2020-01-24T23:18:23.000Z,55.60941800000001,26.002678,27,5640
2020-01-24T23:18:38.000Z,55.610188,26.003148,27,5590
2020-01-24T23:18:45.000Z,55.610573,26.003383,27,5590
2020-01-24T23:18:51.000Z,55.61128000000001,26.00381,27,5620
2020-01-24T23:19:04.000Z,55.612053,26.004275,27,5620
2020-01-24T23:19:10.000Z,55.612443000000006,26.004503,27,5690
2020-01-24T23:19:22.000Z,55.613278,26.005002,27,5650
2020-01-24T23:19:34.000Z,55.614052,26.005465,27,5660
2020-01-24T23:19:40.000Z,55.614432,26.005702,27,5610
2020-01-24T23:19:51.000Z,55.615135,26.006135,27,5570
2020-01-24T23:20:03.000Z,55.615898,26.006608,27,5540
2020-01-24T23:20:10.000Z,55.61628,26.006845,27,5560
2020-01-24T23:20:23.000Z,55.617103,26.00736,27,5530
2020-01-24T23:20:34.000Z,55.61786800000001,26.007828,27,5570
2020-01-24T23:20:40.000Z,55.618248,26.008065,27,5570
2020-01-24T23:20:51.000Z,55.618943,26.0085,27,5540
2020-01-24T23:21:10.000Z,55.620083,26.00921,27,5540
2020-01-24T23:21:22.000Z,55.620907,26.00972,27,5550
2020-01-24T23:21:35.000Z,55.621667,26.01019,27,5560
2020-01-24T23:21:40.000Z,55.62204499999999,26.010428,27,5530
2020-01-24T23:21:52.000Z,55.62280300000001,26.010898,27,5590
2020-01-24T23:22:04.000Z,55.623503,26.011328,27,5580
2020-01-24T23:22:10.000Z,55.623885,26.011558,27,5610
2020-01-24T23:22:23.000Z,55.624715,26.012058,27,5650
2020-01-24T23:22:34.000Z,55.625482,26.012518,27,5670
2020-01-24T23:22:42.000Z,55.625868,26.012748,27,5620
2020-01-24T23:22:52.000Z,55.626633,26.013207,27,5620
2020-01-24T23:23:03.000Z,55.62733299999999,26.013632,27,5620
2020-01-24T23:23:10.000Z,55.627712,26.013863,27,5610
2020-01-24T23:23:23.000Z,55.628537,26.014365,27,5610
2020-01-24T23:23:34.000Z,55.629237,26.014792,27,5600
2020-01-24T23:23:40.000Z,55.62968000000001,26.015063,27,5590
2020-01-24T23:23:52.000Z,55.630437,26.015528,27,5580
2020-01-24T23:24:04.000Z,55.631132,26.01596,27,5560
2020-01-24T23:24:15.000Z,55.631887,26.01643,27,5550
2020-01-24T23:24:24.000Z,55.632327,26.016707,27,5520
2020-01-24T23:24:34.000Z,55.633017,26.017142,27,5520
2020-01-24T23:24:41.000Z,55.63345699999999,26.017415,27,5520
2020-01-24T23:24:52.000Z,55.634208,26.01789,27,5530
2020-01-24T23:25:03.000Z,55.634897,26.018323,27,5500
2020-01-24T23:25:22.000Z,55.636025,26.019033,27,5520
2020-01-24T23:25:42.000Z,55.63721999999999,26.019777,27,5570
2020-01-24T23:25:52.000Z,55.637978,26.02024,27,5580
2020-01-24T23:26:03.000Z,55.638675,26.020662,27,5620
2020-01-24T23:26:16.000Z,55.639437,26.021122,27,5640
2020-01-24T23:26:22.000Z,55.63981999999999,26.02135,27,5630
2020-01-24T23:26:35.000Z,55.64057800000001,26.02182,27,5570
2020-01-24T23:26:40.000Z,55.64101700000001,26.022092,27,5570
2020-01-24T23:26:52.000Z,55.641713,26.022522,27,5570
2020-01-24T23:27:03.000Z,55.642472,26.02299,27,5590
2020-01-24T23:27:10.000Z,55.64285200000001,26.023223,27,5600
2020-01-24T23:27:22.000Z,55.64361,26.02369,27,5580
2020-01-24T23:27:34.000Z,55.644373,26.024153,27,5580
2020-01-24T23:27:40.000Z,55.644753,26.024387,27,5580
2020-01-24T23:27:52.000Z,55.645518,26.024848,27,5610
2020-01-24T23:28:04.000Z,55.646352,26.025342,27,5640
2020-01-24T23:28:15.000Z,55.647052,26.025765,27,5620
2020-01-24T23:28:21.000Z,55.64743299999999,26.025998,27,5600
2020-01-24T23:28:34.000Z,55.648195,26.026462,27,5620
2020-01-24T23:28:40.000Z,55.648638,26.026737,27,5540
2020-01-24T23:28:52.000Z,55.649333,26.02717,27,5570
2020-01-24T23:29:04.000Z,55.650152,26.027683,27,5540
2020-01-24T23:29:10.000Z,55.650468,26.02788,27,5540
2020-01-24T23:29:22.000Z,55.651225,26.02835,27,5540
2020-01-24T23:29:34.000Z,55.651982,26.028825,27,5520
2020-01-24T23:29:51.000Z,55.653113,26.029543,27,5490
2020-01-24T23:30:10.000Z,55.654245,26.03026,27,5510
2020-01-24T23:30:21.000Z,55.655002,26.030737,27,5530
2020-01-24T23:30:34.000Z,55.655762,26.031208,27,5560
2020-01-24T23:30:41.000Z,55.65621,26.031482,27,5580
2020-01-24T23:30:51.000Z,55.656908,26.03191,27,5580
2020-01-24T23:31:04.000Z,55.657738,26.032417,27,5600
2020-01-24T23:31:10.000Z,55.65806,26.032613,27,5610
2020-01-24T23:31:15.000Z,55.658427,26.032827,27,5610
2020-01-24T23:31:21.000Z,55.65883,26.033073,27,5660
2020-01-24T23:31:35.000Z,55.659602,26.033533,27,5680
2020-01-24T23:31:43.000Z,55.66005300000001,26.033803,27,5660
2020-01-24T23:31:51.000Z,55.660747,26.034213,27,5680
2020-01-24T23:31:53.000Z,55.66044,26.03403,27,5690
2020-01-24T23:32:04.000Z,55.661597,26.034722,27,5640
2020-01-24T23:32:21.000Z,55.662682,26.035383,27,5600
2020-01-24T23:32:34.000Z,55.663438,26.035872,27,5570
2020-01-24T23:32:40.000Z,55.663880000000006,26.036152,27,5530
2020-01-24T23:32:51.000Z,55.664575,26.03659,27,5530
2020-01-24T23:33:04.000Z,55.6654,26.037108,27,5510
2020-01-24T23:33:10.000Z,55.66571500000001,26.037307,27,5510
2020-01-24T23:33:22.000Z,55.666477,26.037785,27,5530
2020-01-24T23:33:40.000Z,55.667238,26.038263,27,5540
2020-01-24T23:33:51.000Z,55.668387,26.038978,27,5560
2020-01-24T23:34:09.000Z,55.669537,26.039687,27,5560
2020-01-24T23:34:22.000Z,55.670305000000006,26.040155,27,5620
2020-01-24T23:34:32.000Z,55.67069300000001,26.040388,27,5600
2020-01-24T23:34:40.000Z,55.671533,26.040887,27,5670
2020-01-24T23:34:52.000Z,55.672243,26.041308,27,5660
2020-01-24T23:35:04.000Z,55.673022,26.041765,27,5690
2020-01-24T23:35:22.000Z,55.674185,26.042457,27,5680
2020-01-24T23:35:34.000Z,55.67496,26.042913,27,5670
2020-01-24T23:35:41.000Z,55.67541,26.043185,27,5650
2020-01-24T23:35:52.000Z,55.67611700000001,26.043608,27,5630
2020-01-24T23:36:04.000Z,55.676887,26.044073,27,5620
2020-01-24T23:36:10.000Z,55.67726999999999,26.044307,27,5620
2020-01-24T23:36:22.000Z,55.678038,26.044775,27,5620
2020-01-24T23:36:34.000Z,55.678805,26.045242,27,5580
2020-01-24T23:36:40.000Z,55.67919200000001,26.045473,27,5620
2020-01-24T23:36:52.000Z,55.679958,26.045942,27,5610
2020-01-24T23:37:04.000Z,55.680723,26.046408,27,5610
2020-01-24T23:37:10.000Z,55.68117,26.046685,27,5570
2020-01-24T23:37:21.000Z,55.68186800000001,26.047117,27,5580
2020-01-24T23:37:34.000Z,55.682637,26.047583,27,5590
2020-01-24T23:37:40.000Z,55.68301999999999,26.047817,27,5600
2020-01-24T23:37:52.000Z,55.683788,26.048283,27,5620
2020-01-24T23:38:04.000Z,55.68456,26.048743,27,5640
2020-01-24T23:38:10.000Z,55.68501,26.049017000000006,27,5640
2020-01-24T23:38:21.000Z,55.68571800000001,26.049433,27,5650
2020-01-24T23:38:35.000Z,55.686492,26.049892,27,5650
2020-01-24T23:38:40.000Z,55.68688,26.050117,27,5690
2020-01-24T23:38:52.000Z,55.687657,26.050573,27,5690
2020-01-24T23:39:04.000Z,55.68843199999999,26.051028,27,5720
2020-01-24T23:39:10.000Z,55.688885,26.051293,27,5710
2020-01-24T23:39:21.000Z,55.68959200000001,26.051713,27,5690
2020-01-24T23:39:33.000Z,55.690363,26.05217,27,5670
2020-01-24T23:39:40.000Z,55.69074499999999,26.052403,27,5620
2020-01-24T23:39:53.000Z,55.69151700000001,26.052858,27,5700
2020-01-24T23:40:10.000Z,55.692728,26.053593,27,5640
2020-01-24T23:40:21.000Z,55.693427,26.05402,27,5590
2020-01-24T23:40:33.000Z,55.69419,26.054487,27,5590
2020-01-24T23:40:40.000Z,55.69457,26.054718,27,5600
2020-01-24T23:40:52.000Z,55.695327,26.055195,27,5540
2020-01-24T23:41:03.000Z,55.69609200000001,26.055655,27,5610
2020-01-24T23:41:10.000Z,55.69647,26.055895,27,5550
2020-01-24T23:41:21.000Z,55.697242,26.056347,27,5680
2020-01-24T23:41:35.000Z,55.698005,26.056812,27,5590
2020-01-24T23:41:40.000Z,55.698393,26.057038,27,5660
2020-01-24T23:41:52.000Z,55.699167,26.05749,27,5710
2020-01-24T23:42:03.000Z,55.69994000000001,26.057942,27,5740
2020-01-24T23:42:10.000Z,55.700328000000006,26.058163,27,5740
2020-01-24T23:42:21.000Z,55.701098,26.05862,27,5690
2020-01-24T23:42:35.000Z,55.701875,26.059067,27,5760
2020-01-24T23:42:40.000Z,55.70226,26.059295,27,5710
2020-01-24T23:42:52.000Z,55.703028,26.059748000000006,27,5720
2020-01-24T23:43:03.000Z,55.703798,26.060207,27,5670
2020-01-24T23:43:10.000Z,55.70418299999999,26.060433,27,5660
2020-01-24T23:43:22.000Z,55.704952,26.060892000000006,27,5660
2020-01-24T23:43:35.000Z,55.70571500000001,26.061355,27,5610
2020-01-24T23:43:40.000Z,55.706098,26.061583,27,5640
2020-01-24T23:43:52.000Z,55.706862,26.062045,27,5590
2020-01-24T23:44:03.000Z,55.707627,26.062507,27,5630
2020-01-24T23:44:10.000Z,55.70800799999999,26.06274,27,5600
2020-01-24T23:44:22.000Z,55.708772,26.063205,27,5610
2020-01-24T23:44:35.000Z,55.709537,26.063665,27,5660
2020-01-24T23:44:40.000Z,55.70992,26.063897,27,5620
2020-01-24T23:44:52.000Z,55.710688,26.064357,27,5660
2020-01-24T23:45:03.000Z,55.71145300000001,26.064818,27,5620
2020-01-24T23:45:10.000Z,55.711837,26.065048,27,5620
2020-01-24T23:45:22.000Z,55.712603,26.065512,27,5620
2020-01-24T23:45:35.000Z,55.713372,26.065968,27,5680
2020-01-24T23:45:40.000Z,55.713755000000006,26.0662,27,5640
2020-01-24T23:45:53.000Z,55.714525,26.066655,27,5660
2020-01-24T23:46:04.000Z,55.715295,26.067113,27,5680
2020-01-24T23:46:10.000Z,55.715682,26.067337,27,5720
2020-01-24T23:46:22.000Z,55.716455,26.067792,27,5690
2020-01-24T23:46:35.000Z,55.717232,26.06824,27,5740
2020-01-24T23:46:46.000Z,55.718008,26.06869,27,5740
2020-01-24T23:46:53.000Z,55.718397,26.068915,27,5730
2020-01-24T23:47:04.000Z,55.719175,26.069363,27,5770
2020-01-24T23:47:10.000Z,55.719628,26.069627,27,5760
2020-01-24T23:47:22.000Z,55.72034,26.070037,27,5750
2020-01-24T23:47:36.000Z,55.721113,26.070492,27,5730
2020-01-24T23:47:46.000Z,55.72189,26.070945,27,5710
2020-01-24T23:47:53.000Z,55.722273,26.071173,27,5670
2020-01-24T23:48:04.000Z,55.723047,26.071632,27,5660
2020-01-24T23:48:10.000Z,55.72343299999999,26.071858,27,5700
2020-01-24T23:48:22.000Z,55.72420500000001,26.072318,27,5670
2020-01-24T23:48:35.000Z,55.72498,26.072773,27,5720
2020-01-24T23:48:46.000Z,55.725752,26.073232,27,5650
2020-01-24T23:48:52.000Z,55.726142,26.073458,27,5700
2020-01-24T23:49:04.000Z,55.72691500000001,26.07391,27,5710
2020-01-24T23:49:10.000Z,55.727305,26.074138,27,5680
2020-01-24T23:49:22.000Z,55.728083,26.074587,27,5730
2020-01-24T23:49:34.000Z,55.728862,26.075038,27,5730
2020-01-24T23:49:46.000Z,55.729647,26.07548,27,5770
2020-01-24T23:49:52.000Z,55.730033,26.075708,27,5750
2020-01-24T23:50:04.000Z,55.730815,26.076155,27,5770
2020-01-24T23:50:10.000Z,55.731203,26.076382,27,5760
2020-01-24T23:50:22.000Z,55.731982,26.076838,27,5700
2020-01-24T23:50:35.000Z,55.732758,26.07729,27,5730
2020-01-24T23:50:46.000Z,55.733533,26.077752,27,5670
2020-01-24T23:50:52.000Z,55.733922,26.07798,27,5700
2020-01-24T23:51:10.000Z,55.735078,26.078677,27,5630
2020-01-24T23:51:22.000Z,55.735848,26.079143,27,5620
2020-01-24T23:51:36.000Z,55.736625,26.079602,27,5670
2020-01-24T23:51:40.000Z,55.73695,26.079793,27,5680
2020-01-24T23:51:53.000Z,55.737792000000006,26.080292,27,5660
2020-01-24T23:52:04.000Z,55.73857,26.080748,27,5690
2020-01-24T23:52:16.000Z,55.739353,26.0812,27,5730
2020-01-24T23:52:22.000Z,55.73974499999999,26.081425,27,5740
2020-01-24T23:52:34.000Z,55.740533,26.081875,27,5780
2020-01-24T23:52:40.000Z,55.74086,26.082063,27,5770
2020-01-24T23:52:52.000Z,55.741712,26.08255,27,5770
2020-01-24T23:53:04.000Z,55.742495,26.083002,27,5750
2020-01-24T23:53:16.000Z,55.74328000000001,26.083452,27,5760
2020-01-24T23:53:22.000Z,55.743672,26.083678,27,5750
2020-01-24T23:53:40.000Z,55.744773,26.084328,27,5730
2020-01-24T23:53:53.000Z,55.745547,26.084792,27,5650
2020-01-24T23:54:04.000Z,55.746385,26.08529,27,5660
2020-01-24T23:54:22.000Z,55.74755,26.08598,27,5700
2020-01-24T23:54:34.000Z,55.748322,26.086445,27,5620
2020-01-24T23:54:40.000Z,55.748647,26.086637,27,5660
2020-01-24T23:54:52.000Z,55.74941999999999,26.087098,27,5640
2020-01-24T23:55:04.000Z,55.750263,26.087595,27,5690
2020-01-24T23:55:22.000Z,55.751427,26.088283,27,5690
2020-01-24T23:55:34.000Z,55.752208,26.088735,27,5710
2020-01-24T23:55:46.000Z,55.752993,26.089182,27,5770
2020-01-24T23:55:54.000Z,55.75332,26.089367000000006,27,5770
2020-01-24T23:56:04.000Z,55.754172,26.08985,27,5800
2020-01-24T23:56:22.000Z,55.75535,26.090517,27,5790
2020-01-24T23:56:34.000Z,55.756135,26.09096,27,5780
2020-01-24T23:56:40.000Z,55.756463,26.091145,27,5810
2020-01-24T23:56:53.000Z,55.75731999999999,26.091615,27,5840
2020-01-24T23:57:04.000Z,55.758113,26.09204,27,5920
2020-01-24T23:57:16.000Z,55.758897,26.092473,27,5830
2020-01-24T23:57:20.000Z,55.75915,26.092623,27,5750
2020-01-24T23:57:30.000Z,55.759763,26.093020000000006,27,5470
2020-01-24T23:57:34.000Z,55.75999,26.093195,27,5230
2020-01-24T23:57:44.000Z,55.760422,26.09356,26,4850
2020-01-24T23:57:53.000Z,55.760947,26.094025,26,4620
2020-01-24T23:58:04.000Z,55.76154,26.094608,26,4280
2020-01-24T23:58:16.000Z,55.762113,26.095207,26,4120
2020-01-24T23:58:22.000Z,55.7624,26.095507,26,4090
2020-01-24T23:58:35.000Z,55.762963,26.096120000000006,26,4000
2020-01-24T23:58:40.000Z,55.763207,26.096373,26,4060
2020-01-24T23:58:52.000Z,55.76386,26.09701,26,4260
2020-01-24T23:59:03.000Z,55.764435,26.097532,26,4460
2020-01-24T23:59:10.000Z,55.764807,26.09786,26,4550
2020-01-24T23:59:21.000Z,55.765462,26.09841,26,4700
2020-01-24T23:59:34.000Z,55.766128,26.098952,26,4780
2020-01-24T23:59:40.000Z,55.76646700000001,26.099222,26,4830
2020-01-24T23:59:52.000Z,55.767147,26.099755,27,4880
2020-01-25T00:00:03.000Z,55.76778,26.100237,27,4970
2020-01-25T00:00:16.000Z,55.768523,26.100815,27,4940
2020-01-25T00:00:22.000Z,55.768813,26.101033,27,4940
2020-01-25T00:00:35.000Z,55.76955,26.101618,27,4870
2020-01-25T00:00:45.000Z,55.77023000000001,26.102158,27,4860
2020-01-25T00:00:53.000Z,55.77056500000001,26.102435,27,4790
2020-01-25T00:01:03.000Z,55.771177,26.102943,27,4740
2020-01-25T00:01:10.000Z,55.771565,26.103268,27,4730
2020-01-25T00:01:27.000Z,55.772502,26.104067,27,4640
2020-01-25T00:01:34.000Z,55.772887,26.104398,27,4670
2020-01-25T00:01:40.000Z,55.77321800000001,26.10468,27,4650
2020-01-25T00:01:53.000Z,55.773887,26.105242,27,4720
2020-01-25T00:02:03.000Z,55.774503,26.105755,27,4770
2020-01-25T00:02:10.000Z,55.774903,26.106077,27,4770
2020-01-25T00:02:21.000Z,55.775532,26.106582,27,4870
2020-01-25T00:02:35.000Z,55.776285,26.10717,27,4900
2020-01-25T00:02:40.000Z,55.776633,26.10744,27,4910
2020-01-25T00:02:52.000Z,55.777335,26.107975,27,4980
2020-01-25T00:03:03.000Z,55.777983,26.108467,27,4990
2020-01-25T00:03:10.000Z,55.77839300000001,26.10878,27,4970
2020-01-25T00:03:22.000Z,55.779037,26.109273,27,4980
2020-01-25T00:03:35.000Z,55.779797,26.10986,27,4940
2020-01-25T00:03:40.000Z,55.780148,26.11013,27,4930
2020-01-25T00:03:52.000Z,55.78084499999999,26.110677,27,4890
2020-01-25T00:04:10.000Z,55.78188299999999,26.111502,27,4860
2020-01-25T00:04:27.000Z,55.782858,26.11229,27,4830
2020-01-25T00:04:35.000Z,55.78325699999999,26.112618,27,4800
2020-01-25T00:04:46.000Z,55.783947,26.113173,27,4800
2020-01-25T00:04:52.000Z,55.78429300000001,26.113455,27,4800
2020-01-25T00:05:03.000Z,55.784923,26.113967,27,4820
2020-01-25T00:05:10.000Z,55.785322,26.114295,27,4790
2020-01-25T00:05:21.000Z,55.785948,26.114812,27,4780
2020-01-25T00:05:34.000Z,55.786687,26.115425,27,4760
2020-01-25T00:05:40.000Z,55.787023,26.11571,27,4720
2020-01-25T00:05:52.000Z,55.787705,26.11628,27,4720
2020-01-25T00:06:03.000Z,55.788337,26.116792,27,4750
2020-01-25T00:06:16.000Z,55.78908000000001,26.1174,27,4790
2020-01-25T00:06:35.000Z,55.79012,26.118233,27,4860
2020-01-25T00:06:41.000Z,55.790468,26.11851,27,4870
2020-01-25T00:06:55.000Z,55.791167,26.119058,27,4920
2020-01-25T00:07:04.000Z,55.791867,26.119605,27,4920
2020-01-25T00:07:16.000Z,55.792568,26.120148,27,4940
2020-01-25T00:07:21.000Z,55.792858,26.120377,27,4940
2020-01-25T00:07:35.000Z,55.79355699999999,26.12092,27,4920
2020-01-25T00:07:41.000Z,55.79396,26.12124,27,4910
2020-01-25T00:07:53.000Z,55.794597,26.12174,27,4900
2020-01-25T00:08:04.000Z,55.795347,26.122333,27,4890
2020-01-25T00:08:16.000Z,55.79604000000001,26.12288,27,4880
2020-01-25T00:08:21.000Z,55.796325,26.12311,27,4870
2020-01-25T00:08:34.000Z,55.797013,26.123658,27,4870
2020-01-25T00:08:41.000Z,55.797413,26.123978,27,4870
2020-01-25T00:08:52.000Z,55.79804300000001,26.124482,27,4870
2020-01-25T00:09:04.000Z,55.798787,26.125077,27,4830
2020-01-25T00:09:16.000Z,55.799473,26.125623,27,4870
2020-01-25T00:09:21.000Z,55.799758,26.125853,27,4840
2020-01-25T00:09:40.000Z,55.800847,26.12672,27,4880
2020-01-25T00:09:52.000Z,55.801475,26.127223,27,4850
2020-01-25T00:10:04.000Z,55.802222,26.127813,27,4860
2020-01-25T00:10:17.000Z,55.802908,26.12836,27,4870
2020-01-25T00:10:21.000Z,55.803198,26.128585,27,4900
2020-01-25T00:10:40.000Z,55.804288,26.129447,27,4900
2020-01-25T00:10:53.000Z,55.804927,26.129943,27,4900
2020-01-25T00:11:04.000Z,55.80566999999999,26.130533,27,4880
2020-01-25T00:11:15.000Z,55.806303,26.131032,27,4870
2020-01-25T00:11:21.000Z,55.806645,26.131305,27,4870
2020-01-25T00:11:34.000Z,55.80739000000001,26.131895,27,4890
2020-01-25T00:11:52.000Z,55.80836,26.13267,27,4840
2020-01-25T00:12:03.000Z,55.809045,26.133215,27,4850
2020-01-25T00:12:15.000Z,55.809728,26.133763,27,4840
2020-01-25T00:12:21.000Z,55.81006800000001,26.134037,27,4840
2020-01-25T00:12:35.000Z,55.810803,26.134633,27,4810
2020-01-25T00:12:45.000Z,55.81114300000001,26.134908,27,4810
2020-01-25T00:12:52.000Z,55.81176800000001,26.13541,27,4810
2020-01-25T00:13:04.000Z,55.812447,26.135962,27,4810
2020-01-25T00:13:15.000Z,55.813125,26.13651,27,4840
2020-01-25T00:13:21.000Z,55.81347,26.13678,27,4850
2020-01-25T00:13:40.000Z,55.814498,26.137587,27,4860
2020-01-25T00:13:52.000Z,55.815153,26.13815,27,4640
2020-01-25T00:14:04.000Z,55.815795,26.138722,27,4530
2020-01-25T00:14:21.000Z,55.816737,26.139595,27,4430
2020-01-25T00:14:34.000Z,55.817407,26.140233,27,4350
2020-01-25T00:14:40.000Z,55.81766500000001,26.140482,27,4320
2020-01-25T00:14:52.000Z,55.818277,26.141078,27,4280
2020-01-25T00:15:00.000Z,55.818635,26.141425,27,4270
2020-01-25T00:15:16.000Z,55.81951,26.142265,27,4340
2020-01-25T00:15:36.000Z,55.820515,26.14318,27,4480
2020-01-25T00:15:44.000Z,55.820783,26.143417000000003,27,4510
2020-01-25T00:15:52.000Z,55.821422,26.14399,27,4520
2020-01-25T00:16:04.000Z,55.8221,26.144622,27,4400
2020-01-25T00:16:16.000Z,55.822712,26.145215,26,4310
2020-01-25T00:16:21.000Z,55.822968,26.14546,26,4280
2020-01-25T00:16:34.000Z,55.823623,26.146108,26,4240
2020-01-25T00:16:41.000Z,55.82392,26.146412,26,4230
2020-01-25T00:16:53.000Z,55.824465,26.146968,26,4140
2020-01-25T00:17:04.000Z,55.82510300000001,26.147628,26,4120
2020-01-25T00:17:16.000Z,55.825695,26.148238,26,4130
2020-01-25T00:17:21.000Z,55.82594,26.148493,26,4100
2020-01-25T00:17:40.000Z,55.826877,26.149462,27,4110
2020-01-25T00:17:52.000Z,55.827425,26.150017,27,4140
2020-01-25T00:18:09.000Z,55.828332,26.150920000000006,27,4220
2020-01-25T00:18:16.000Z,55.828687,26.15127,27,4260
2020-01-25T00:18:21.000Z,55.82894200000001,26.15152,27,4260
2020-01-25T00:18:33.000Z,55.829555000000006,26.152117,27,4280
2020-01-25T00:18:40.000Z,55.829912,26.152465,27,4270
2020-01-25T00:18:52.000Z,55.830475,26.153013,27,4280
2020-01-25T00:19:01.000Z,55.83083000000001,26.153365,27,4240
2020-01-25T00:19:16.000Z,55.83174200000001,26.154265,27,4230
2020-01-25T00:19:21.000Z,55.83199499999999,26.154517,27,4230
2020-01-25T00:19:33.000Z,55.832602,26.155118,27,4240
2020-01-25T00:19:40.000Z,55.83295500000001,26.15547,27,4230
2020-01-25T00:19:51.000Z,55.83351,26.156023,27,4190
2020-01-25T00:20:09.000Z,55.834415,26.156932,27,4170
2020-01-25T00:20:16.000Z,55.83476700000001,26.157285,27,4170
2020-01-25T00:20:21.000Z,55.83501700000001,26.157538,27,4170
2020-01-25T00:20:46.000Z,55.836218,26.158755,27,4180
2020-01-25T00:20:59.000Z,55.836872,26.159413,27,4180
2020-01-25T00:22:33.000Z,55.841647,26.164218,27,4200
2020-01-25T00:23:09.000Z,55.84346,26.16604,27,4170
2020-01-25T00:23:46.000Z,55.845272,26.167858,27,4190
2020-01-25T00:25:09.000Z,55.849465,26.172112,27,4160
2020-01-25T00:25:16.000Z,55.849813,26.17247,27,4130
2020-01-25T00:25:22.000Z,55.850112,26.172775,27,4160
2020-01-25T00:25:40.000Z,55.850953,26.173638,27,4130
2020-01-25T00:26:09.000Z,55.852442,26.175168,27,4140
2020-01-25T00:26:40.000Z,55.85393000000001,26.176695,27,4150
2020-01-25T00:27:09.000Z,55.855422,26.178223000000006,27,4140
2020-01-25T00:27:22.000Z,55.856072,26.178882,27,4190
2020-01-25T00:27:34.000Z,55.856672,26.17949,27,4190
2020-01-25T00:27:52.000Z,55.857522,26.18035,27,4190
2020-01-25T00:28:33.000Z,55.859635,26.18248,27,4190
2020-01-25T00:28:49.000Z,55.860237,26.18309,27,4180
2020-01-25T00:28:51.000Z,55.860538,26.183397,27,4170
2020-01-25T00:29:05.000Z,55.861137,26.18401,27,4170
2020-01-25T00:31:21.000Z,55.86807,26.191058,27,4360
2020-01-25T00:31:46.000Z,55.869348,26.192242,27,4450
2020-01-25T00:32:16.000Z,55.870982,26.19369,27,4700
2020-01-25T00:32:21.000Z,55.871327,26.193965,27,4810
2020-01-25T00:32:48.000Z,55.87272,26.195045,27,4970
2020-01-25T00:33:21.000Z,55.87486,26.196620000000006,27,5080
2020-01-25T00:33:42.000Z,55.875927,26.19741,27,5020
2020-01-25T00:33:53.000Z,55.876628,26.197943,27,5000
2020-01-25T00:34:21.000Z,55.87835,26.199312,27,4820
2020-01-25T00:34:51.000Z,55.879713,26.200425,27,4800
2020-01-25T00:35:28.000Z,55.88216800000001,26.202418,27,4850
2020-01-25T00:35:59.000Z,55.88387,26.203728,27,4990
2020-01-25T00:36:10.000Z,55.884585,26.204258,27,5040
2020-01-25T00:37:28.000Z,55.88930799999999,26.207757,27,5050
2020-01-25T00:37:40.000Z,55.88996,26.208253,27,4990
2020-01-25T00:38:01.000Z,55.891025,26.209065,27,4970
2020-01-25T00:39:09.000Z,55.895275,26.21235,27,4930
2020-01-25T00:39:46.000Z,55.897465,26.214042000000006,27,4970
2020-01-25T00:39:52.000Z,55.897762,26.214270000000006,27,4940
2020-01-25T00:40:33.000Z,55.900275,26.216173,28,5010
2020-01-25T00:40:53.000Z,55.90136,26.216983000000006,28,5050
2020-01-25T00:41:04.000Z,55.902143,26.217568,28,5040
2020-01-25T00:42:10.000Z,55.90606,26.220505,28,4980
2020-01-25T00:45:16.000Z,55.917295,26.228888,28,5090
2020-01-25T00:50:33.000Z,55.93641,26.243067,27,5110
2020-01-25T00:50:40.000Z,55.936832,26.243372,27,5100
2020-01-25T00:57:46.000Z,55.96205500000001,26.26209,27,5090
2020-01-25T00:57:51.000Z,55.962413,26.262355,27,5080
2020-01-25T00:58:43.000Z,55.965355,26.264502,27,5050
2020-01-25T00:58:52.000Z,55.966012,26.264987,27,5070
2020-01-25T00:59:06.000Z,55.966782,26.265567,27,5000
2020-01-25T00:59:12.000Z,55.967133,26.265833,27,4990
2020-01-25T00:59:22.000Z,55.96784,26.266373,27,4980
2020-01-25T00:59:34.000Z,55.96854,26.266917,27,4920
2020-01-25T00:59:45.000Z,55.969183,26.267413,27,4940
2020-01-25T00:59:58.000Z,55.969945,26.268,27,4970
2020-01-25T01:00:04.000Z,55.9703,26.268268,27,4970
2020-01-25T01:00:22.000Z,55.97136,26.269075,27,5010
2020-01-25T01:00:40.000Z,55.972427,26.269877,27,5040
2020-01-25T01:01:04.000Z,55.97385799999999,26.270937,27,5070
2020-01-25T01:01:11.000Z,55.97422,26.2712,27,5100
2020-01-25T01:01:28.000Z,55.9753,26.271987,27,5110
2020-01-25T01:01:34.000Z,55.975658,26.272252,27,5100
2020-01-25T01:01:45.000Z,55.976318000000006,26.272737,27,5080
2020-01-25T01:02:39.000Z,55.97958199999999,26.275182,27,4980
2020-01-25T01:03:22.000Z,55.98204000000001,26.277087,27,4900
2020-01-25T01:03:45.000Z,55.983388,26.278135,27,4940
2020-01-25T01:04:16.000Z,55.985213,26.27954,27,4970
2020-01-25T01:04:59.000Z,55.987647,26.281368,27,5060
2020-01-25T01:05:04.000Z,55.988065,26.281677,27,5050
2020-01-25T01:05:10.000Z,55.98842,26.281938,27,5080
2020-01-25T01:05:22.000Z,55.989132,26.282467,27,5060
2020-01-25T01:05:33.000Z,55.989783,26.282947,27,5040
2020-01-25T01:05:40.000Z,55.99019499999999,26.283255,27,5040
2020-01-25T01:06:04.000Z,55.991607,26.284307,27,5040
2020-01-25T01:10:40.000Z,56.007338,26.296522,26,4970
2020-01-25T01:10:50.000Z,56.0076,26.29672,26,5000
2020-01-25T01:11:22.000Z,56.00971,26.29835,26,4940
2020-01-25T01:12:05.000Z,56.012078,26.300175,26,4970
2020-01-25T01:13:17.000Z,56.0162,26.303138,26,5480
2020-01-25T01:13:40.000Z,56.017673,26.304045,26,5600
2020-01-25T01:13:52.000Z,56.018478,26.304527,26,5650
2020-01-25T01:14:04.000Z,56.019223,26.30497,26,5650
2020-01-25T01:20:04.000Z,56.041002,26.318752000000003,26,5460
2020-01-25T01:25:46.000Z,56.061922,26.331822,26,5550
2020-01-25T01:26:22.000Z,56.06413000000001,26.333173,26,5580
2020-01-25T01:26:34.000Z,56.06480300000001,26.333587,26,5600
2020-01-25T01:27:51.000Z,56.069558,26.336547,26,5470
2020-01-25T01:28:04.000Z,56.070283,26.337008,26,5470
2020-01-25T02:17:18.000Z,56.261422,26.44609,28,6100
2020-01-25T02:34:44.000Z,56.333608,26.48307,28,6070
2020-01-25T02:35:15.000Z,56.335762,26.484143,28,6130
2020-01-25T03:26:39.000Z,56.552498,26.548890000000004,25,13200
2020-01-25T04:37:59.000Z,56.69157,26.287635,28,16000
2020-01-25T05:33:46.000Z,56.75048,26.073013,25,16780
2020-01-25T05:37:20.000Z,56.75312,26.060613,25,17090
2020-01-25T05:51:36.000Z,56.764685,26.006833,25,16600
2020-01-25T06:09:27.000Z,56.786,25.938373,25,16280
2020-01-25T06:17:58.000Z,56.79576,25.906933,25,16580
2020-01-25T06:24:08.000Z,56.802283,25.883962,25,16570
2020-01-25T06:49:18.000Z,56.827013,25.78736,26,16790
2020-01-25T06:52:25.000Z,56.82976,25.77576,26,16690
2020-01-25T07:08:18.000Z,56.844267,25.713147,26,16800
2020-01-25T07:09:41.000Z,56.84512,25.70928,26,16880
2020-01-25T07:11:54.000Z,56.847125,25.700045000000006,25,16800
2020-01-25T07:16:32.000Z,56.850987,25.682027,25,16900
2020-01-25T07:18:00.000Z,56.85226700000001,25.676347,25,16830
2020-01-25T07:19:48.000Z,56.853733,25.66944,25,16940
2020-01-25T07:48:20.000Z,56.88264,25.560507,25,16430
2020-01-25T08:50:36.000Z,56.957712,25.324382,25,16300
2020-01-25T08:57:21.000Z,56.965467,25.29888,25,16500
2020-01-25T09:04:09.000Z,56.972263,25.273177,25,16720
2020-01-25T10:17:39.000Z,57.02995500000001,25.00101,22,17600
2020-01-25T10:48:07.000Z,57.032907,24.937947,5,18130
2020-01-25T10:49:47.000Z,57.032853,24.936533,5,18170
2020-01-25T11:45:22.000Z,57.191692,24.834438,26,12400
2020-01-25T12:22:25.000Z,57.33045300000001,24.751893,27,12340
2020-01-25T12:22:36.000Z,57.33112,24.751467,27,12330
2020-01-25T12:25:22.000Z,57.341547,24.745147,26,12460
2020-01-25T12:56:38.000Z,57.456377,24.674942,27,12600
2020-01-25T14:12:08.000Z,57.71883,24.485078,26,13000
2020-01-25T15:12:56.000Z,57.946617,24.358985,26,11900
2020-01-25T16:33:11.000Z,58.243938,24.180233,27,12220
2020-01-25T16:50:17.000Z,58.30761999999999,24.141593,27,12800
2020-01-25T17:05:12.000Z,58.357413,24.101707,26,12610
2020-01-25T18:05:02.000Z,58.578453,23.9732,26,12400
2020-01-25T18:05:29.000Z,58.57997,23.972283,26,12370
2020-01-25T18:06:04.000Z,58.582083,23.970975,26,12380
2020-01-25T18:06:11.000Z,58.58250500000001,23.970712,26,12390
2020-01-25T18:09:22.000Z,58.594035,23.963353,27,12500
2020-01-25T18:11:13.000Z,58.600667,23.959173,27,12450
2020-01-25T18:11:49.000Z,58.602853,23.957787,27,12490
2020-01-25T18:28:45.000Z,58.66408000000001,23.918507,26,12450
2020-01-25T19:42:25.000Z,58.90608,23.7216,27,14010
2020-01-25T19:42:31.000Z,58.906373,23.72128,27,14010
2020-01-25T19:47:01.000Z,58.91848,23.707837,27,14100
2020-01-25T20:37:52.000Z,59.064813,23.549565,27,14300
2020-01-25T21:08:11.000Z,59.14830799999999,23.453768,27,14100
2020-01-25T22:53:08.000Z,59.450187,23.12848,26,14030
2020-01-25T22:53:33.000Z,59.451075,23.127512,27,14100
2020-01-25T22:54:08.000Z,59.452987,23.12536,27,14040
2020-01-25T22:57:04.000Z,59.461333,23.11584,27,14120
2020-01-25T22:57:45.000Z,59.462987,23.113947,27,14120
2020-01-25T23:07:47.000Z,59.49176,23.08144,26,14120
2020-01-25T23:07:59.000Z,59.492347,23.080747,26,14120
2020-01-25T23:10:05.000Z,59.498107,23.07424,26,14050
2020-01-25T23:10:35.000Z,59.499547,23.07264,26,14060
2020-01-25T23:10:41.000Z,59.499813,23.07232,26,14060
2020-01-25T23:10:53.000Z,59.500373,23.071707,26,14070
2020-01-25T23:11:05.000Z,59.50088,23.07112,26,14080
2020-01-25T23:17:37.000Z,59.518427,23.051013,26,14090
2020-01-25T23:20:13.000Z,59.52551999999999,23.042853,26,14120
2020-01-25T23:20:26.000Z,59.526133,23.04216,26,14120
2020-01-25T23:20:31.000Z,59.526347,23.041893,26,14150
2020-01-25T23:20:44.000Z,59.52693299999999,23.041227,26,14150
2020-01-25T23:21:26.000Z,59.52885300000001,23.039013,26,14120
2020-01-25T23:22:13.000Z,59.530987,23.03656,26,14090
2020-01-25T23:22:37.000Z,59.532107,23.035307,26,14100
2020-01-25T23:25:14.000Z,59.539227,23.02712,26,14170
2020-01-25T23:25:20.000Z,59.53949300000001,23.0268,26,14150
2020-01-25T23:26:19.000Z,59.542187,23.023653,26,14130
2020-01-26T00:08:51.000Z,59.664027,22.894632,27,13500
2020-01-26T01:10:33.000Z,59.833077,22.698187,27,14200
2020-01-26T02:01:29.000Z,59.980818000000006,22.536763,27,16100
2020-01-26T02:20:22.000Z,59.98687,22.458875,27,17920
2020-01-26T03:36:19.000Z,59.987045,22.15542,26,18000
2020-01-26T04:54:37.000Z,59.924098,21.850377,26,19600
2020-01-26T05:15:58.000Z,59.89816,21.766613,27,19590
2020-01-26T05:16:57.000Z,59.896987,21.762693,27,19570
2020-01-26T05:32:11.000Z,59.87864,21.702693,27,19640
2020-01-26T05:36:07.000Z,59.873867,21.687387,27,19610
2020-01-26T05:36:08.000Z,59.873867,21.687387,27,19610
2020-01-26T05:36:42.000Z,59.87311999999999,21.685013,27,19580
2020-01-26T05:36:44.000Z,59.87311999999999,21.685013,27,19580
2020-01-26T05:46:04.000Z,59.861093,21.64976,27,19820
2020-01-26T06:03:19.000Z,59.83697,21.58174,27,19830
2020-01-26T06:11:11.000Z,59.826453,21.552213,27,19900
2020-01-26T06:15:16.000Z,59.820747,21.536293,27,19810
2020-01-26T06:33:43.000Z,59.79368,21.463787,27,19960
2020-01-26T07:27:24.000Z,59.718587,21.25648,26,19830
2020-01-26T07:36:54.000Z,59.70496,21.219573,27,20000
2020-01-26T09:05:19.000Z,59.582133,20.87992,26,19910
2020-01-26T09:19:03.000Z,59.564092,20.82923,26,20100
2020-01-26T09:32:16.000Z,59.54610699999999,20.779387,26,19890
2020-01-26T10:32:43.000Z,59.459307,20.540533,28,19950
2020-01-26T10:33:19.000Z,59.4584,20.538187,28,19980
2020-01-26T10:35:35.000Z,59.45488,20.52896,28,19880
2020-01-26T10:45:05.000Z,59.440693,20.490853,28,19980
2020-01-26T10:46:01.000Z,59.43930699999999,20.48728,28,19990
2020-01-26T10:47:52.000Z,59.436453,20.479707,28,19860
2020-01-26T10:50:03.000Z,59.432987,20.47056,27,19980
2020-01-26T10:54:20.000Z,59.426613,20.453387,28,19820
2020-01-26T10:55:56.000Z,59.42471999999999,20.44816,28,19920
2020-01-26T10:57:39.000Z,59.422293,20.441333,28,19810
2020-01-26T10:58:38.000Z,59.420853,20.437333,28,19860
2020-01-26T11:35:56.000Z,59.36588,20.286805,28,19900
2020-01-26T12:22:08.000Z,59.308213,20.105253,26,19700
2020-01-26T12:22:20.000Z,59.307947,20.104427,26,19700
2020-01-26T12:22:33.000Z,59.30770699999999,20.103653,26,19710
2020-01-26T12:22:51.000Z,59.30733299999999,20.102533,26,19670
2020-01-26T12:23:49.000Z,59.306133,20.098693,26,19590
2020-01-26T12:24:01.000Z,59.30591999999999,20.097947,26,19590
2020-01-26T12:24:13.000Z,59.30568,20.097173,26,19560
2020-01-26T12:24:31.000Z,59.305333,20.096027,26,19580
2020-01-26T12:26:59.000Z,59.302347,20.086507,26,19690
2020-01-26T12:29:16.000Z,59.299627,20.077733,26,19610
2020-01-26T12:36:14.000Z,59.291157,20.051975,26,19800
2020-01-26T13:12:27.000Z,59.24240500000001,19.914277,27,19940
2020-01-26T13:40:01.000Z,59.203237,19.808103,27,19980
2020-01-26T14:07:05.000Z,59.1636,19.703307,27,20010
2020-01-26T14:08:58.000Z,59.160773,19.69592,27,20030
2020-01-26T16:22:28.000Z,58.978773,19.175573,27,19790
2020-01-26T16:37:22.000Z,58.959333,19.119093,26,19780
2020-01-26T16:43:49.000Z,58.950373,19.09392,26,19850
2020-01-26T17:27:07.000Z,58.89136,18.929013,26,19970
2020-01-26T17:27:13.000Z,58.891253000000006,18.92872,26,20010
2020-01-26T17:28:54.000Z,58.88885300000001,18.922347,26,20050
2020-01-26T17:29:01.000Z,58.888693,18.92192,26,20040
2020-01-26T17:29:19.000Z,58.88824,18.9208,26,20070
2020-01-26T17:29:43.000Z,58.887653,18.919307,26,20010
2020-01-26T17:30:06.000Z,58.88712,18.917893,26,20000
2020-01-26T17:30:19.000Z,58.8868,18.917093,26,19980
2020-01-26T17:40:23.000Z,58.8722,18.87924,26,20030
2020-01-26T17:45:37.000Z,58.865063,18.859818,26,19860
2020-01-26T17:49:23.000Z,58.860187,18.845467000000006,26,19840
2020-01-26T17:51:26.000Z,58.857587,18.837895,26,19840
2020-01-26T18:00:24.000Z,58.84581800000001,18.803385,26,19870
2020-01-26T18:12:19.000Z,58.830507,18.758427,26,19860
2020-01-26T18:13:51.000Z,58.828373,18.752347,26,19800
2020-01-26T18:17:22.000Z,58.82384,18.738987,26,19830
2020-01-26T18:17:33.000Z,58.8236,18.73824,26,19840
2020-01-26T18:17:58.000Z,58.823067,18.73672,26,19860
2020-01-26T18:18:10.000Z,58.8228,18.735947,26,19830
2020-01-26T18:25:04.000Z,58.813787,18.709658,26,19830
2020-01-26T18:30:01.000Z,58.80728000000001,18.690987,26,19790
2020-01-26T18:36:18.000Z,58.798667,18.666747,26,19820
2020-01-26T18:37:14.000Z,58.797588,18.663722,26,19870
2020-01-26T18:38:37.000Z,58.795627,18.658427,26,19940
2020-01-26T18:46:34.000Z,58.784747,18.628107,26,19830
2020-01-26T19:10:38.000Z,58.752012,18.537082,26,19820
2020-01-26T19:11:35.000Z,58.750682,18.533283,26,19860
2020-01-26T19:13:14.000Z,58.74847,18.527205,26,19910
2020-01-26T19:18:48.000Z,58.7408,18.50584,26,19880
2020-01-26T19:19:12.000Z,58.740267,18.504347,26,19870
2020-01-26T19:19:52.000Z,58.739707,18.5028,26,19870
2020-01-26T19:32:30.000Z,58.722,18.453333,26,19880
2020-01-26T19:32:55.000Z,58.72144,18.451733,26,19870
2020-01-26T19:33:01.000Z,58.721307,18.451413,26,19840
2020-01-26T19:33:13.000Z,58.72104,18.450587,26,19840
2020-01-26T19:33:25.000Z,58.720773,18.44984,26,19830
2020-01-26T19:33:30.000Z,58.72064,18.44952,26,19830
2020-01-26T19:45:18.000Z,58.704773,18.404027,27,19890
2020-01-26T19:47:54.000Z,58.70109300000001,18.39392,27,19880
2020-01-26T19:53:19.000Z,58.69351999999999,18.372773,27,19810
2020-01-26T21:56:40.000Z,58.526965,17.896852,27,19760
2020-01-26T22:49:04.000Z,58.455493,17.694132999999994,27,19930
2020-01-26T22:51:46.000Z,58.45184,17.6836,27,19990
2020-01-26T22:58:42.000Z,58.44208,17.656,27,19950
2020-01-26T22:58:53.000Z,58.441813,17.655307,27,19950
2020-01-26T22:59:29.000Z,58.440987,17.652987,27,19920
2020-01-26T23:00:23.000Z,58.43970699999999,17.649520000000006,27,19960
2020-01-26T23:00:47.000Z,58.439147,17.647893,27,19870
2020-01-26T23:01:27.000Z,58.438347,17.645653,27,19850
2020-01-26T23:01:52.000Z,58.43768000000001,17.643732999999994,27,19820
2020-01-26T23:02:16.000Z,58.43728,17.64256,27,19870
2020-01-26T23:02:39.000Z,58.43672,17.64104,27,19910
2020-01-26T23:03:30.000Z,58.435467,17.6376,26,19850
2020-01-26T23:04:36.000Z,58.434027,17.63336,26,19720
2020-01-26T23:09:02.000Z,58.42824,17.616907,26,19850
2020-01-26T23:10:43.000Z,58.42584,17.61048,26,20000
2020-01-26T23:10:50.000Z,58.425707,17.61008,26,19930
2020-01-26T23:11:01.000Z,58.42544,17.609333,26,19940
2020-01-26T23:11:39.000Z,58.42464,17.60696,26,19750
2020-01-26T23:15:44.000Z,58.4192,17.591227,26,19850
2020-01-26T23:15:50.000Z,58.41906700000001,17.590907,26,19870
2020-01-26T23:16:38.000Z,58.418027,17.58784,26,19790
2020-01-26T23:16:50.000Z,58.417787,17.587067,26,19810
2020-01-26T23:17:20.000Z,58.41709300000001,17.585147,26,19860
2020-01-26T23:20:13.000Z,58.413318,17.574127999999998,26,19910
2020-01-26T23:46:28.000Z,58.378773,17.47392,26,19970
2020-01-26T23:46:34.000Z,58.37864,17.473547,26,19870
2020-01-26T23:46:40.000Z,58.37850699999999,17.473147,26,19930
2020-01-26T23:46:52.000Z,58.37824000000001,17.4724,26,19950
2020-01-27T00:17:08.000Z,58.33789300000001,17.3576,26,19870
2020-01-27T00:17:32.000Z,58.33736,17.35608,26,19900
2020-01-27T00:25:15.000Z,58.327627,17.32824,26,19680
2020-01-27T00:28:04.000Z,58.32389300000001,17.317227,26,19850
2020-01-27T00:34:34.000Z,58.31525300000001,17.29224,26,19770
2020-01-27T00:36:30.000Z,58.312693,17.28456,26,19840
2020-01-27T02:06:09.000Z,58.190213,16.945999999999998,27,19850
2020-01-27T02:06:50.000Z,58.189333,16.943253,27,19700
2020-01-27T02:24:46.000Z,58.16544,16.873147,27,19710
2020-01-27T03:08:38.000Z,58.109588,16.70208,27,19660
2020-01-27T03:28:42.000Z,58.084187,16.62448,27,19860
2020-01-27T03:29:06.000Z,58.083627,16.622853,27,19900
2020-01-27T03:31:48.000Z,58.07984,16.612507,27,19930
2020-01-27T03:46:08.000Z,58.059627,16.556907,27,20030
2020-01-27T03:47:54.000Z,58.05696,16.54984,27,20090
2020-01-27T03:52:38.000Z,58.050347,16.531467000000006,27,20040
2020-01-27T03:52:44.000Z,58.05024,16.531147,27,19910
2020-01-27T03:53:55.000Z,58.04848000000001,16.526453,27,20100
2020-01-27T03:54:01.000Z,58.0484,16.526132999999998,27,19850
2020-01-27T03:54:25.000Z,58.047787,16.52456,27,20100
2020-01-27T03:54:31.000Z,58.047627,16.524160000000002,26,19990
2020-01-27T03:56:35.000Z,58.0448,16.51624,26,19800
2020-01-27T03:58:46.000Z,58.041813,16.507839999999998,26,19970
2020-01-27T04:03:05.000Z,58.03608000000001,16.49152,26,19850
2020-01-27T04:52:50.000Z,57.975157,16.297062,27,19320
2020-01-27T05:50:58.000Z,57.9128,16.062053,27,19240
2020-01-27T05:52:52.000Z,57.910853,16.054693,27,19450
2020-01-27T05:53:04.000Z,57.91064,16.053893,27,19330
2020-01-27T05:54:40.000Z,57.90872,16.046960000000002,27,19490
2020-01-27T05:54:53.000Z,57.908533,16.04616,27,19390
2020-01-27T06:02:31.000Z,57.90008,16.014853,27,19170
2020-01-27T06:20:44.000Z,57.879787,15.941627,27,19470
2020-01-27T06:42:37.000Z,57.856053,15.85344,27,19450
2020-01-27T06:49:14.000Z,57.849043,15.826795,27,19480
2020-01-27T06:54:05.000Z,57.843787,15.806453,27,19310
2020-01-27T07:05:24.000Z,57.83184,15.760747,28,19420
2020-01-27T07:05:35.000Z,57.831653,15.75992,28,19260
2020-01-27T07:05:48.000Z,57.831413,15.75904,27,19400
2020-01-27T07:06:17.000Z,57.83088000000001,15.757067,27,19530
2020-01-27T07:19:28.000Z,57.816613,15.702492,28,19380
2020-01-27T07:41:18.000Z,57.79352,15.613893,27,19320
2020-01-27T07:55:54.000Z,57.778907,15.554747,27,19440
2020-01-27T07:56:23.000Z,57.778347,15.552747,27,19420
2020-01-27T10:07:47.000Z,57.6414,15.03295,26,19270
2020-01-27T10:19:39.000Z,57.629085,14.986457,27,19600
2020-01-27T10:39:26.000Z,57.608293,14.907893,26,19430
2020-01-27T10:45:33.000Z,57.602373,14.88512,27,19410
2020-01-27T10:47:32.000Z,57.6004,14.8772,27,19460
2020-01-27T10:48:44.000Z,57.599253,14.872453,27,19380
2020-01-27T10:49:44.000Z,57.59816,14.868533,27,19510
2020-01-27T10:50:02.000Z,57.597813,14.86736,27,19540
2020-01-27T10:50:44.000Z,57.59709300000001,14.864613,27,19530
2020-01-27T10:50:57.000Z,57.59688000000001,14.86376,27,19430
2020-01-27T10:51:45.000Z,57.595947,14.86024,27,19490
2020-01-27T10:53:57.000Z,57.593653,14.851467,27,19320
2020-01-27T10:54:04.000Z,57.593573,14.851067,27,19050
2020-01-27T10:54:14.000Z,57.59328000000001,14.849867,27,19240
2020-01-27T10:57:03.000Z,57.59024,14.838853,27,19340
2020-01-27T10:58:57.000Z,57.58829300000001,14.83128,27,19340
2020-01-27T11:00:21.000Z,57.5868,14.825679999999998,27,19650
2020-01-27T11:00:32.000Z,57.58656,14.82496,27,19750
2020-01-27T11:01:03.000Z,57.585947,14.822933,27,19710
2020-01-27T11:01:14.000Z,57.58568,14.822133,27,19730
2020-01-27T11:01:21.000Z,57.585573,14.821732999999998,27,19640
2020-01-27T11:01:41.000Z,57.585147,14.82016,27,19370
2020-01-27T11:02:33.000Z,57.5844,14.817013,27,19270
2020-01-27T11:02:41.000Z,57.584187,14.816133,27,19380
2020-01-27T11:03:29.000Z,57.58336,14.812987,27,19570
2020-01-27T11:03:35.000Z,57.583253000000006,14.812507,27,19400
2020-01-27T11:03:42.000Z,57.583147,14.812107,27,19530
2020-01-27T11:04:41.000Z,57.58210699999999,14.808107,27,19620
2020-01-27T11:05:40.000Z,57.58088000000001,14.804132999999998,27,19500
2020-01-27T11:06:05.000Z,57.580427,14.80256,27,19540
2020-01-27T11:06:10.000Z,57.58029300000001,14.80216,27,19630
2020-01-27T11:06:23.000Z,57.58008,14.80136,27,19520
2020-01-27T11:06:34.000Z,57.57992,14.800613,27,19270
2020-01-27T11:06:41.000Z,57.579787,14.80016,27,19440
2020-01-27T11:10:26.000Z,57.576053,14.785707,27,19480
2020-01-27T11:10:32.000Z,57.57592,14.785307,27,19630
2020-01-27T11:10:44.000Z,57.575707,14.78456,27,19600
2020-01-27T11:24:38.000Z,57.56024,14.729028,27,19500
2020-01-27T11:34:27.000Z,57.54904000000001,14.688693,27,19520
2020-01-27T11:37:16.000Z,57.546027,14.67736,27,19320
2020-01-27T11:55:23.000Z,57.52724300000001,14.60634,26,19410
2020-01-27T12:12:27.000Z,57.509627,14.539227,26,19460
2020-01-27T12:23:39.000Z,57.498613,14.496507,26,19460
2020-01-27T12:24:14.000Z,57.497973,14.49416,26,19460
2020-01-27T12:25:12.000Z,57.496933,14.490213,26,19390
2020-01-27T12:29:23.000Z,57.4928,14.473733,26,19530
2020-01-27T12:29:40.000Z,57.49248000000001,14.47256,26,19530
2020-01-27T12:30:22.000Z,57.491787,14.469813,26,19360
2020-01-27T12:50:51.000Z,57.472002,14.389805,26,19550
2020-01-27T13:26:02.000Z,57.439945,14.252073,26,19160
2020-01-27T13:40:59.000Z,57.42606,14.193778,26,19570
2020-01-27T13:46:38.000Z,57.420638,14.172218,26,19400
2020-01-27T13:54:05.000Z,57.412927,14.142404999999998,26,19550
2020-01-27T13:58:06.000Z,57.408807,14.126798,26,19460
2020-01-27T13:58:23.000Z,57.408530000000006,14.125618,26,19470
2020-01-27T14:08:48.000Z,57.3988,14.084453,26,19380
2020-01-27T14:39:14.000Z,57.374115,13.963645,27,19200
2020-01-27T15:02:31.000Z,57.346747,13.873167,26,19970
2020-01-27T15:04:48.000Z,57.34359499999999,13.864579999999998,26,19810
2020-01-27T15:49:57.000Z,57.29357,13.688957,26,19600
2020-01-27T16:30:14.000Z,57.251107,13.531103,26,19450
2020-01-27T16:32:39.000Z,57.248808,13.521655,26,19300
2020-01-27T16:43:15.000Z,57.238565,13.480652,27,19300
2020-01-27T16:44:58.000Z,57.236605,13.47313,27,19510
2020-01-27T16:47:58.000Z,57.233698,13.461303,26,19450
2020-01-27T16:52:07.000Z,57.22976,13.445707,26,19430
2020-01-27T16:52:24.000Z,57.22949300000001,13.444532999999998,26,19320
2020-01-27T16:52:37.000Z,57.229333,13.443732999999998,26,19280
2020-01-27T16:52:43.000Z,57.229227,13.44336,26,19340
2020-01-27T16:52:54.000Z,57.22904000000001,13.442587,26,19350
2020-01-27T16:53:19.000Z,57.22864000000001,13.44104,26,19400
2020-01-27T16:54:07.000Z,57.227867,13.437920000000002,26,19350
2020-01-27T16:55:30.000Z,57.226427,13.432479999999998,26,19600
2020-01-27T16:56:48.000Z,57.225013,13.427467000000002,26,19440
2020-01-27T16:58:01.000Z,57.223733,13.422826999999998,26,19400
2020-01-27T16:58:07.000Z,57.2236,13.422453,26,19670
2020-01-27T17:05:47.000Z,57.21507800000001,13.392632,26,19450
2020-01-27T17:28:02.000Z,57.192912,13.307075,26,19300
2020-01-27T17:39:14.000Z,57.181725,13.262827,26,19250
2020-01-27T17:43:58.000Z,57.1772,13.245733,26,19520
2020-01-27T17:44:39.000Z,57.17656,13.24312,26,19420
2020-01-27T17:44:51.000Z,57.17625699999999,13.241968,26,19460
2020-01-27T17:47:09.000Z,57.17408,13.23352,26,19530
2020-01-27T17:52:01.000Z,57.16896,13.214187,26,19450
2020-01-27T18:03:19.000Z,57.15731,13.169562,27,19180
2020-01-27T18:25:09.000Z,57.1348,13.08208,27,19360
2020-01-27T18:25:34.000Z,57.134373,13.080507,27,19490
2020-01-27T18:27:34.000Z,57.132613,13.072533,26,19300
2020-01-27T18:27:51.000Z,57.132372,13.071433,26,19220
2020-01-27T18:29:52.000Z,57.130667,13.063892999999998,26,19280
2020-01-27T18:30:51.000Z,57.129733,13.05952,26,19250
2020-01-27T18:31:03.000Z,57.129573,13.05872,26,19060
2020-01-27T18:35:50.000Z,57.125212,13.040082,27,19290
2020-01-27T18:40:02.000Z,57.12129300000001,13.02344,26,19260
2020-01-27T18:44:50.000Z,57.11691999999999,13.004085,26,19400
2020-01-27T18:44:51.000Z,57.117035,13.004477,27,19150
2020-01-27T18:45:36.000Z,57.116297,13.001307,27,19240
2020-01-27T18:46:30.000Z,57.115467,12.997707,27,19180
2020-01-27T18:51:21.000Z,57.111155,12.978707,26,19190
2020-01-27T18:52:07.000Z,57.110482,12.975595,27,19290
2020-01-27T18:52:50.000Z,57.109627,12.971947,27,19310
2020-01-27T18:53:27.000Z,57.10909300000001,12.969547,26,19110
2020-01-27T18:53:53.000Z,57.10882700000001,12.968373,26,19030
2020-01-27T18:54:17.000Z,57.10848000000001,12.9668,26,19190
2020-01-27T18:54:29.000Z,57.108293,12.966,26,19100
2020-01-27T18:54:35.000Z,57.108213,12.9656,26,19330
2020-01-27T18:55:17.000Z,57.107653000000006,12.962827,26,19240
2020-01-27T18:55:36.000Z,57.107387,12.961627,26,19250
2020-01-27T19:09:15.000Z,57.09265799999999,12.907233,27,19490
2020-01-27T19:24:07.000Z,57.07689,12.848897,27,19750
2020-01-27T19:28:16.000Z,57.07264,12.833333,27,19640
2020-01-27T19:28:52.000Z,57.071893,12.83096,27,19730
2020-01-27T19:29:04.000Z,57.071627,12.83016,27,19680
2020-01-27T19:31:10.000Z,57.068635,12.82059,27,19600
2020-01-27T19:37:48.000Z,57.060187,12.794267,27,19620
2020-01-27T19:37:53.000Z,57.060080000000006,12.79392,27,19570
2020-01-27T19:38:53.000Z,57.0588,12.789973,27,19860
2020-01-27T19:39:06.000Z,57.058587,12.789173,27,19680
2020-01-27T19:44:54.000Z,57.051093,12.766453,27,19780
2020-01-27T19:59:53.000Z,57.03208000000001,12.708187,27,19850
2020-01-27T20:26:29.000Z,56.998827,12.60536,26,19570
2020-01-27T20:28:10.000Z,56.99688,12.598907,26,19560
2020-01-27T20:29:22.000Z,56.995573,12.59424,26,19460
2020-01-27T20:30:20.000Z,56.99472,12.59112,26,19650
2020-01-27T20:30:37.000Z,56.99439200000001,12.589962,27,19780
2020-01-27T21:13:57.000Z,56.929405,12.427782,26,20800
2020-01-27T21:57:16.000Z,56.840235,12.27882,26,20990
2020-01-27T22:43:40.000Z,56.747627,12.116987,26,21000
2020-01-27T22:44:46.000Z,56.74528000000001,12.113253,26,21070
2020-01-27T22:51:04.000Z,56.732053,12.090053,27,20870
2020-01-27T22:51:28.000Z,56.731173,12.08864,27,21220
2020-01-27T22:51:58.000Z,56.73016,12.086853,27,20900
2020-01-27T22:52:51.000Z,56.72848000000001,12.084027,27,20940
2020-01-27T22:53:11.000Z,56.72768000000001,12.082667,27,21100
2020-01-27T22:53:27.000Z,56.72728000000001,12.081893,27,20840
2020-01-27T22:53:45.000Z,56.726507,12.08056,27,21040
2020-01-27T22:54:32.000Z,56.725263,12.078365,27,21000
2020-01-27T22:55:23.000Z,56.723227,12.074773,27,20920
2020-01-27T22:56:00.000Z,56.722,12.07264,27,21000
2020-01-27T22:57:10.000Z,56.719627,12.068373,27,20850
2020-01-27T23:01:37.000Z,56.710853,12.053067,27,20910
2020-01-27T23:01:50.000Z,56.7104,12.052293,27,21000
2020-01-27T23:02:01.000Z,56.710027,12.051627,27,20900
2020-01-27T23:03:07.000Z,56.707787,12.047707,27,21010
2020-01-27T23:03:37.000Z,56.706773,12.04592,27,20880
