timestamp,longitude,latitude,speed,direction
2020-06-03T03:21:50.000Z,128.837495,34.961585,27,7680
2020-06-03T03:22:15.000Z,128.83951299999998,34.96194000000001,27,7800
2020-06-03T03:22:38.000Z,128.841585,34.96217,28,8230
2020-06-03T03:23:03.000Z,128.84368,34.962272,28,8700
2020-06-03T03:23:27.000Z,128.845798,34.962277,29,9020
2020-06-03T03:23:50.000Z,128.847943,34.962232,29,9110
2020-06-03T03:24:15.000Z,128.85011200000002,34.962152,29,9250
2020-06-03T03:24:38.000Z,128.852308,34.96204,30,9330
2020-06-03T03:25:03.000Z,128.854667,34.961921999999994,30,9370
2020-06-03T03:25:27.000Z,128.85682,34.961825,30,9340
2020-06-03T03:25:50.000Z,128.859088,34.961743,30,9240
2020-06-03T03:26:15.000Z,128.861375,34.961635,31,9360
2020-06-03T03:26:39.000Z,128.86368000000002,34.961483,31,9480
2020-06-03T03:27:03.000Z,128.866022,34.961352000000005,32,9440
2020-06-03T03:27:26.000Z,128.868387,34.961147,32,9650
2020-06-03T03:27:50.000Z,128.870755,34.960792,32,10150
2020-06-03T03:28:15.000Z,128.873063,34.960253,32,10560
2020-06-03T03:28:39.000Z,128.875378,34.959687,33,10640
2020-06-03T03:29:03.000Z,128.877823,34.95912,33,10580
2020-06-03T03:29:26.000Z,128.88009499999998,34.95861,33,10500
2020-06-03T03:29:51.000Z,128.882503,34.958152,33,10290
2020-06-03T03:30:15.000Z,128.884937,34.957737,34,10200
2020-06-03T03:30:38.000Z,128.887407,34.957347,34,10090
2020-06-03T03:31:02.000Z,128.8899,34.95694,34,10070
2020-06-03T03:31:26.000Z,128.892412,34.956543,34,10060
2020-06-03T03:31:51.000Z,128.894935,34.956163000000004,35,10060
2020-06-03T03:32:15.000Z,128.897477,34.955795,35,10100
2020-06-03T03:32:38.000Z,128.900037,34.955383000000005,35,10020
2020-06-03T03:33:02.000Z,128.902637,34.95509000000001,35,9720
2020-06-03T03:33:27.000Z,128.905335,34.95487,35,9580
2020-06-03T03:33:50.000Z,128.907835,34.954673,35,9590
2020-06-03T03:34:15.000Z,128.910465,34.954448,36,9560
2020-06-03T03:34:38.000Z,128.913115,34.954355,36,9240
2020-06-03T03:35:03.000Z,128.915895,34.954312,36,9080
2020-06-03T03:35:32.000Z,128.91913300000002,34.954283000000004,36,9070
2020-06-03T03:35:57.000Z,128.92193500000002,34.954293,36,8950
2020-06-03T03:36:20.000Z,128.92441200000002,34.954348,36,8860
2020-06-03T03:36:44.000Z,128.927115,34.954415000000004,36,8850
2020-06-03T03:37:08.000Z,128.92993700000002,34.954502000000005,37,8800
2020-06-03T03:37:33.000Z,128.932655,34.954588,37,8780
2020-06-03T03:37:57.000Z,128.935497,34.954688,37,8770
2020-06-03T03:38:20.000Z,128.938007,34.954753000000004,37,8830
2020-06-03T03:38:44.000Z,128.940855,34.954793,37,8910
2020-06-03T03:39:08.000Z,128.943593,34.954803000000005,37,8940
2020-06-03T03:39:33.000Z,128.946335,34.954808,37,8970
2020-06-03T03:39:57.000Z,128.949197,34.954803000000005,37,8990
2020-06-03T03:40:21.000Z,128.951828,34.954785,37,9010
2020-06-03T03:40:44.000Z,128.95458,34.954763,37,9050
2020-06-03T03:41:09.000Z,128.957442,34.954772,37,9040
2020-06-03T03:41:33.000Z,128.96008700000002,34.95476,37,9050
2020-06-03T03:41:56.000Z,128.96274,34.954745,37,9050
2020-06-03T03:42:21.000Z,128.965613,34.954727,37,9010
2020-06-03T03:42:44.000Z,128.968367,34.9547,37,9120
2020-06-03T03:43:09.000Z,128.971283,34.954613,37,9080
2020-06-03T03:43:32.000Z,128.973902,34.954617,37,9050
2020-06-03T03:43:56.000Z,128.976578,34.954558,37,9090
2020-06-03T03:44:21.000Z,128.979617,34.954640000000005,37,9030
2020-06-03T03:44:44.000Z,128.982152,34.95452,37,9020
2020-06-03T03:45:09.000Z,128.984997,34.954538,37,9070
2020-06-03T03:45:32.000Z,128.987645,34.954537,37,9060
2020-06-03T03:45:56.000Z,128.99029199999998,34.954513,37,9090
2020-06-03T03:46:27.000Z,128.99383999999998,34.954503,37,9040
2020-06-03T03:46:51.000Z,128.996568,34.954467,37,9110
2020-06-03T03:47:15.000Z,128.999348,34.954428,37,9060
2020-06-03T03:47:38.000Z,129.002137,34.954475,37,8990
2020-06-03T03:48:02.000Z,129.004775,34.954462,37,9080
2020-06-03T03:48:27.000Z,129.007642,34.954368,37,9060
2020-06-03T03:48:51.000Z,129.010367,34.954397,37,8920
2020-06-03T03:49:14.000Z,129.013015,34.9544,37,8840
2020-06-03T03:49:38.000Z,129.01584499999998,34.954543,37,8800
2020-06-03T03:50:02.000Z,129.018588,34.954753000000004,37,8570
2020-06-03T03:50:26.000Z,129.02118000000002,34.95498,37,8480
2020-06-03T03:50:51.000Z,129.023995,34.955178000000004,37,8480
2020-06-03T03:51:14.000Z,129.02670700000002,34.955366999999995,37,8470
2020-06-03T03:51:39.000Z,129.029437,34.955565,37,8460
2020-06-03T03:52:03.000Z,129.03216799999998,34.955795,37,8410
2020-06-03T03:52:26.000Z,129.03479199999998,34.956005,37,8400
2020-06-03T03:52:50.000Z,129.037537,34.956218,37,8450
2020-06-03T03:53:14.000Z,129.04041,34.956423,37,8460
2020-06-03T03:53:39.000Z,129.043158,34.95663,37,8490
2020-06-03T03:54:03.000Z,129.045902,34.956847,37,8450
2020-06-03T03:54:26.000Z,129.048532,34.957062,37,8430
2020-06-03T03:54:50.000Z,129.051277,34.957285,37,8440
2020-06-03T03:55:14.000Z,129.054157,34.957507,37,8450
2020-06-03T03:55:39.000Z,129.056907,34.957753000000004,37,8360
2020-06-03T03:56:03.000Z,129.05966,34.957992,37,8460
2020-06-03T03:56:27.000Z,129.06241799999998,34.958092,37,8750
2020-06-03T03:56:50.000Z,129.065067,34.958143,37,8870
2020-06-03T03:57:15.000Z,129.067945,34.958198,37,8860
2020-06-03T03:57:39.000Z,129.07072,34.958183,37,9070
2020-06-03T03:58:09.000Z,129.074308,34.958007,37,9370
2020-06-03T03:58:32.000Z,129.076967,34.957832,37,9470
2020-06-03T03:58:56.000Z,129.079723,34.95768,37,9380
2020-06-03T03:59:20.000Z,129.082482,34.957522,37,9370
2020-06-03T03:59:44.000Z,129.085242,34.957368,37,9370
2020-06-03T04:00:09.000Z,129.088033,34.957197,37,9440
2020-06-03T04:00:32.000Z,129.090707,34.957053,37,9390
2020-06-03T04:00:56.000Z,129.09349,34.956897,37,9400
2020-06-03T04:01:20.000Z,129.096248,34.95675,37,9330
2020-06-03T04:01:45.000Z,129.09913,34.956592,37,9390
2020-06-03T04:02:09.000Z,129.101887,34.956385,37,9540
2020-06-03T04:02:33.000Z,129.10461999999998,34.956128,37,9650
2020-06-03T04:02:57.000Z,129.10724299999998,34.955867,37,9660
2020-06-03T04:03:27.000Z,129.110697,34.95552,37,9660
2020-06-03T04:03:50.000Z,129.113478,34.955242,37,9660
2020-06-03T04:04:15.000Z,129.116367,34.954915,37,9750
2020-06-03T04:04:38.000Z,129.11899,34.9547,37,9520
2020-06-03T04:05:03.000Z,129.121833,34.9546,37,9250
2020-06-03T04:05:27.000Z,129.12442,34.954635,36,8880
2020-06-03T04:05:51.000Z,129.127065,34.954903,36,8290
2020-06-03T04:06:15.000Z,129.12962,34.955288,36,8040
2020-06-03T04:06:38.000Z,129.132263,34.955684999999995,36,7950
2020-06-03T04:07:03.000Z,129.13493300000002,34.956132000000004,36,7880
2020-06-03T04:07:27.000Z,129.137562,34.956567,36,7910
2020-06-03T04:07:51.000Z,129.140117,34.957068,36,7660
2020-06-03T04:08:15.000Z,129.142747,34.957623,36,7550
2020-06-03T04:08:38.000Z,129.14533799999998,34.958220000000004,36,7410
2020-06-03T04:09:03.000Z,129.14793500000002,34.958877,36,7290
2020-06-03T04:09:27.000Z,129.150597,34.95956,37,7210
2020-06-03T04:09:51.000Z,129.153308,34.960285,37,7200
2020-06-03T04:10:14.000Z,129.155693,34.960923,37,7180
2020-06-03T04:10:38.000Z,129.15839499999998,34.961659999999995,37,7160
2020-06-03T04:11:03.000Z,129.16101,34.962358,37,7140
2020-06-03T04:11:27.000Z,129.16364199999998,34.96305,37,7180
2020-06-03T04:11:51.000Z,129.166383,34.963783,37,7180
2020-06-03T04:12:14.000Z,129.16879,34.964427,37,7190
2020-06-03T04:12:38.000Z,129.171515,34.965165,37,7190
2020-06-03T04:13:03.000Z,129.174147,34.965852000000005,37,7190
2020-06-03T04:13:27.000Z,129.176793,34.966553000000005,37,7200
2020-06-03T04:13:51.000Z,129.179558,34.967282,37,7200
2020-06-03T04:14:14.000Z,129.182088,34.967957,37,7200
2020-06-03T04:14:38.000Z,129.18473,34.968658000000005,37,7200
2020-06-03T04:15:03.000Z,129.187378,34.969368,37,7190
2020-06-03T04:15:27.000Z,129.190023,34.970073,37,7210
2020-06-03T04:15:51.000Z,129.192778,34.970813,37,7220
2020-06-03T04:16:14.000Z,129.195315,34.971484999999994,37,7220
2020-06-03T04:16:38.000Z,129.19797,34.972185,37,7210
2020-06-03T04:17:03.000Z,129.200622,34.972885,37,7220
2020-06-03T04:17:26.000Z,129.20327,34.97359,37,7220
2020-06-03T04:17:50.000Z,129.205918,34.974297,37,7220
2020-06-03T04:18:14.000Z,129.208562,34.974993,37,7220
2020-06-03T04:18:38.000Z,129.2112,34.975693,37,7220
2020-06-03T04:19:03.000Z,129.213962,34.976420000000005,37,7230
2020-06-03T04:19:26.000Z,129.21651,34.977077,37,7240
2020-06-03T04:19:50.000Z,129.219167,34.977773,37,7230
2020-06-03T04:20:14.000Z,129.22181799999998,34.978473,37,7240
2020-06-03T04:20:38.000Z,129.22446499999998,34.97917,37,7250
2020-06-03T04:21:03.000Z,129.22721,34.979907,37,7260
2020-06-03T04:21:26.000Z,129.229755,34.980562,37,7260
2020-06-03T04:21:50.000Z,129.23241299999998,34.98124,37,7240
2020-06-03T04:22:14.000Z,129.235065,34.981933000000005,37,7230
2020-06-03T04:22:38.000Z,129.237713,34.982628000000005,37,7230
2020-06-03T04:23:03.000Z,129.240465,34.983352000000004,37,7230
2020-06-03T04:23:27.000Z,129.24299299999998,34.98402,37,7220
2020-06-03T04:23:50.000Z,129.245632,34.984722999999995,37,7220
2020-06-03T04:24:14.000Z,129.248277,34.985422,37,7220
2020-06-03T04:24:38.000Z,129.25092800000002,34.986112,37,7220
2020-06-03T04:25:02.000Z,129.253582,34.986813,37,7210
2020-06-03T04:25:27.000Z,129.256232,34.987518,37,7230
2020-06-03T04:25:50.000Z,129.258873,34.988217,37,7240
2020-06-03T04:26:14.000Z,129.261512,34.98892,37,7200
2020-06-03T04:26:38.000Z,129.264147,34.989633000000005,37,7160
2020-06-03T04:27:03.000Z,129.266785,34.990342,37,7180
2020-06-03T04:27:27.000Z,129.26943,34.991037,37,7230
2020-06-03T04:27:50.000Z,129.27208000000002,34.991722,37,7260
2020-06-03T04:28:15.000Z,129.27473500000002,34.9924,37,7260
2020-06-03T04:28:38.000Z,129.277368,34.993109999999994,37,7210
2020-06-03T04:29:02.000Z,129.279997,34.993821999999994,37,7210
2020-06-03T04:29:27.000Z,129.28264199999998,34.994517,37,7250
2020-06-03T04:29:51.000Z,129.285297,34.995202,37,7270
2020-06-03T04:30:15.000Z,129.28795300000002,34.99589,37,7270
2020-06-03T04:30:38.000Z,129.290605,34.996578,37,7260
2020-06-03T04:31:02.000Z,129.293253,34.997262,37,7250
2020-06-03T04:31:27.000Z,129.295902,34.99795,37,7240
2020-06-03T04:31:51.000Z,129.298552,34.998643,37,7240
2020-06-03T04:32:15.000Z,129.301202,34.999342,37,7230
2020-06-03T04:32:38.000Z,129.303732,35.0,37,7240
2020-06-03T04:33:03.000Z,129.30648,35.000708,37,7230
2020-06-03T04:33:27.000Z,129.309127,35.001375,37,7270
2020-06-03T04:33:51.000Z,129.311727,35.002135,37,7030
2020-06-03T04:34:14.000Z,129.31428200000002,35.00297,37,6800
2020-06-03T04:34:38.000Z,129.3167,35.003832,37,6680
2020-06-03T04:35:03.000Z,129.3193,35.004833000000005,37,6490
2020-06-03T04:35:27.000Z,129.32173,35.005885,37,6260
2020-06-03T04:35:50.000Z,129.324125,35.006977,37,6070
2020-06-03T04:36:14.000Z,129.32654499999998,35.008068,37,5990
2020-06-03T04:36:38.000Z,129.328802,35.009163,37,5950
2020-06-03T04:37:03.000Z,129.33123500000002,35.010482,37,5920
2020-06-03T04:37:26.000Z,129.333642,35.01162,37,5940
2020-06-03T04:37:50.000Z,129.336035,35.012782,37,5960
2020-06-03T04:38:14.000Z,129.338438,35.013913,37,6010
2020-06-03T04:38:38.000Z,129.340723,35.015042,37,5880
2020-06-03T04:39:03.000Z,129.343162,35.01631500000001,37,5740
2020-06-03T04:39:26.000Z,129.345497,35.017587,37,5610
2020-06-03T04:39:51.000Z,129.347863,35.018895,37,5520
2020-06-03T04:40:26.000Z,129.35124,35.020832,37,5500
2020-06-03T04:40:51.000Z,129.353505,35.022138,38,5490
2020-06-03T04:41:14.000Z,129.35579199999998,35.023463,38,5500
2020-06-03T04:41:39.000Z,129.358172,35.024840000000005,38,5520
2020-06-03T04:42:02.000Z,129.360347,35.02609,38,5500
2020-06-03T04:42:26.000Z,129.36263799999998,35.027408,38,5520
2020-06-03T04:42:51.000Z,129.36494,35.028727,38,5530
2020-06-03T04:43:15.000Z,129.36725,35.030045,38,5530
2020-06-03T04:43:38.000Z,129.369563,35.031365,38,5540
2020-06-03T04:44:03.000Z,129.371872,35.03268,38,5550
2020-06-03T04:44:26.000Z,129.37418,35.033992,38,5560
2020-06-03T04:44:51.000Z,129.3765,35.0353,38,5560
2020-06-03T04:45:15.000Z,129.37882,35.036615000000005,38,5550
2020-06-03T04:45:38.000Z,129.381132,35.037933,38,5550
2020-06-03T04:46:03.000Z,129.38345,35.039237,38,5570
2020-06-03T04:46:26.000Z,129.38578700000002,35.040528,38,5590
2020-06-03T04:46:57.000Z,129.388693,35.042155,38,5570
2020-06-03T04:47:26.000Z,129.39158500000002,35.04379,38,5510
2020-06-03T04:47:57.000Z,129.39444,35.045472,38,5480
2020-06-03T04:48:21.000Z,129.39683300000002,35.046862,38,5480
2020-06-03T04:48:44.000Z,129.399045,35.048140000000004,38,5500
2020-06-03T04:49:09.000Z,129.401362,35.049455,38,5530
2020-06-03T04:49:32.000Z,129.403675,35.050762,38,5530
2020-06-03T04:49:57.000Z,129.40598799999998,35.052073,38,5520
2020-06-03T04:50:21.000Z,129.408403,35.053432,38,5530
2020-06-03T04:50:44.000Z,129.410612,35.054692,38,5520
2020-06-03T04:51:09.000Z,129.41291299999997,35.056013,38,5500
2020-06-03T04:51:32.000Z,129.41521200000003,35.057334999999995,38,5500
2020-06-03T04:51:56.000Z,129.41751200000002,35.058658,38,5520
2020-06-03T04:52:27.000Z,129.420393,35.060298,38,5540
2020-06-03T04:52:56.000Z,129.423273,35.061943,38,5510
2020-06-03T04:53:27.000Z,129.426167,35.063543,38,5520
2020-06-03T04:53:56.000Z,129.429017,35.065197999999995,38,5470
2020-06-03T04:54:21.000Z,129.431383,35.066592,38,5490
2020-06-03T04:54:44.000Z,129.43358,35.067845,38,5530
2020-06-03T04:55:09.000Z,129.435953,35.069218,38,5490
2020-06-03T04:55:39.000Z,129.438705,35.070812,38,5490
2020-06-03T04:56:02.000Z,129.44098200000002,35.072137,38,5480
2020-06-03T04:56:27.000Z,129.443258,35.073463000000004,38,5470
2020-06-03T04:57:02.000Z,129.44665700000002,35.075457,37,5470
2020-06-03T04:57:27.000Z,129.448938,35.076787,37,5500
2020-06-03T04:58:02.000Z,129.452358,35.078768,37,5510
2020-06-03T04:58:33.000Z,129.455202,35.080405,37,5500
2020-06-03T04:59:02.000Z,129.458048,35.082033,37,5530
2020-06-03T04:59:33.000Z,129.460902,35.08365,37,5540
2020-06-03T05:00:02.000Z,129.463748,35.085263,37,5530
2020-06-03T05:00:26.000Z,129.466018,35.08657,37,5510
2020-06-03T05:00:50.000Z,129.468287,35.087888,37,5490
2020-06-03T05:01:20.000Z,129.471032,35.089462,37,5500
2020-06-03T05:01:44.000Z,129.473405,35.090805,37,5510
2020-06-03T05:02:08.000Z,129.475682,35.0921,37,5510
2020-06-03T05:02:44.000Z,129.47909199999998,35.094048,37,5500
2020-06-03T05:03:08.000Z,129.48136499999998,35.095352,37,5500
2020-06-03T05:03:44.000Z,129.484778,35.09731,37,5500
2020-06-03T05:04:08.000Z,129.487055,35.098622,37,5490
2020-06-03T05:04:33.000Z,129.489418,35.099992,37,5500
2020-06-03T05:05:03.000Z,129.49225,35.10165,37,5480
2020-06-03T05:05:26.000Z,129.494425,35.102912,37,5490
2020-06-03T05:06:03.000Z,129.497268,35.104538,37,5500
2020-06-03T05:06:33.000Z,129.50079,35.106542,37,5530
2020-06-03T05:06:57.000Z,129.502978,35.107792,37,5520
2020-06-03T05:07:21.000Z,129.50526000000002,35.1091,37,5520
2020-06-03T05:07:57.000Z,129.50868,35.111068,37,5510
2020-06-03T05:08:26.000Z,129.511533,35.112705,37,5510
2020-06-03T05:08:50.000Z,129.513808,35.114008,37,5500
2020-06-03T05:09:15.000Z,129.51617199999998,35.115372,37,5500
2020-06-03T05:09:50.000Z,129.519483,35.117295,37,5470
2020-06-03T05:10:15.000Z,129.521747,35.118633,37,5450
2020-06-03T05:10:45.000Z,129.52454699999998,35.120263,37,5450
2020-06-03T05:11:09.000Z,129.526802,35.121588,37,5450
2020-06-03T05:11:39.000Z,129.529612,35.123265,37,5430
2020-06-03T05:12:02.000Z,129.531883,35.12461,37,5450
2020-06-03T05:12:33.000Z,129.53471299999998,35.126262,37,5460
2020-06-03T05:13:03.000Z,129.537632,35.127957,37,5470
2020-06-03T05:13:26.000Z,129.539803,35.129215,37,5480
2020-06-03T05:13:51.000Z,129.542077,35.130542,37,5470
2020-06-03T05:14:15.000Z,129.54435800000002,35.131902000000004,37,5450
2020-06-03T05:14:39.000Z,129.54662,35.13323,37,5460
2020-06-03T05:15:03.000Z,129.548978,35.134602,37,5460
2020-06-03T05:15:27.000Z,129.55125800000002,35.13592,37,5460
2020-06-03T05:15:51.000Z,129.553425,35.137184999999995,37,5460
2020-06-03T05:16:14.000Z,129.555693,35.138518,37,5460
2020-06-03T05:16:39.000Z,129.557972,35.139837,37,5470
2020-06-03T05:17:03.000Z,129.560243,35.141157,37,5450
2020-06-03T05:17:27.000Z,129.562513,35.142492,38,5450
2020-06-03T05:17:51.000Z,129.56479,35.14383,38,5460
2020-06-03T05:18:14.000Z,129.56707,35.145173,38,5460
2020-06-03T05:18:44.000Z,129.569827,35.14678,38,5480
2020-06-03T05:19:08.000Z,129.572118,35.1481,38,5510
2020-06-03T05:19:32.000Z,129.574508,35.149468,38,5520
2020-06-03T05:20:03.000Z,129.577383,35.151121999999994,38,5510
2020-06-03T05:20:28.000Z,129.579675,35.15245,38,5480
2020-06-03T05:20:51.000Z,129.58205700000002,35.153835,38,5470
2020-06-03T05:21:14.000Z,129.584248,35.155102,38,5480
2020-06-03T05:21:39.000Z,129.586633,35.156482000000004,38,5490
2020-06-03T05:22:15.000Z,129.589973,35.158408,38,5510
2020-06-03T05:22:39.000Z,129.592365,35.159788,38,5510
2020-06-03T05:23:15.000Z,129.595718,35.16172,38,5520
2020-06-03T05:23:42.000Z,129.598117,35.163087,38,5530
2020-06-03T05:24:03.000Z,129.60031999999998,35.164343,38,5510
2020-06-03T05:24:27.000Z,129.602608,35.165673,38,5480
2020-06-03T05:25:27.000Z,129.608335,35.168983000000004,38,5500
2020-06-03T05:26:08.000Z,129.612347,35.171285,38,5520
2020-06-03T05:26:38.000Z,129.615225,35.172918,38,5530
2020-06-03T05:27:01.000Z,129.61753000000002,35.174232,38,5500
2020-06-03T05:28:03.000Z,129.62332,35.177487,38,5590
2020-06-03T05:28:27.000Z,129.62564,35.178788,38,5600
2020-06-03T05:28:52.000Z,129.627958,35.180082,38,5600
2020-06-03T05:29:14.000Z,129.63017,35.18132,38,5580
2020-06-03T05:29:38.000Z,129.63257,35.182655,38,5580
2020-06-03T05:30:32.000Z,129.637727,35.185562,38,5550
2020-06-03T05:30:57.000Z,129.64011200000002,35.186918,38,5530
2020-06-03T05:32:14.000Z,129.64736499999998,35.19107800000001,38,5520
2020-06-03T05:32:50.000Z,129.65,35.1927,37,5500
2020-06-03T05:34:12.000Z,129.658798,35.197617,37,5500
2020-06-03T05:35:03.000Z,129.663548,35.20035,37,5510
2020-06-03T05:36:14.000Z,129.670195,35.204172,37,5510
2020-06-03T05:36:57.000Z,129.67427800000002,35.20650999999999,37,5520
2020-06-03T05:37:51.000Z,129.679405,35.20942700000001,37,5530
2020-06-03T05:38:27.000Z,129.682828,35.211387,37,5540
2020-06-03T05:39:38.000Z,129.689643,35.215297,37,5510
2020-06-03T05:40:02.000Z,129.691913,35.216583,37,5530
2020-06-03T05:40:57.000Z,129.697027,35.219537,37,5530
2020-06-03T05:41:38.000Z,129.701,35.221812,37,5520
2020-06-03T05:42:02.000Z,129.703168,35.22306500000001,37,5510
2020-06-03T05:42:27.000Z,129.705628,35.22448,37,5520
2020-06-03T05:43:02.000Z,129.708867,35.22631,37,5520
2020-06-03T05:43:28.000Z,129.711337,35.227693,37,5520
2020-06-03T05:43:52.000Z,129.7136,35.228962,37,5500
2020-06-03T05:44:15.000Z,129.71588799999998,35.230295,37,5510
2020-06-03T05:44:39.000Z,129.71805700000002,35.23152800000001,37,5520
2020-06-03T05:45:03.000Z,129.72033000000002,35.232825,37,5540
2020-06-03T05:45:27.000Z,129.722717,35.23423,37,5550
2020-06-03T05:45:51.000Z,129.725052,35.235483,37,5560
2020-06-03T05:46:15.000Z,129.727203,35.236735,37,5580
2020-06-03T05:47:09.000Z,129.73232,35.239548,37,5630
2020-06-03T05:47:32.000Z,129.73457,35.240917,37,5580
2020-06-03T05:48:03.000Z,129.73746200000002,35.242505,37,5570
2020-06-03T05:48:57.000Z,129.742665,35.245382,37,5580
2020-06-03T05:49:21.000Z,129.74504,35.246727,37,5580
2020-06-03T05:49:45.000Z,129.7472,35.24796,37,5580
2020-06-03T05:50:09.000Z,129.749465,35.249212,37,5590
2020-06-03T05:50:39.000Z,129.752347,35.250762,37,5580
2020-06-03T05:51:02.000Z,129.75464499999998,35.252063,37,5580
2020-06-03T05:51:26.000Z,129.756893,35.253332,37,5570
2020-06-03T05:51:50.000Z,129.758988,35.25452,37,5580
2020-06-03T05:53:33.000Z,129.768777,35.259908,37,5630
2020-06-03T05:53:57.000Z,129.771155,35.261205,37,5610
2020-06-03T05:54:21.000Z,129.77335,35.262408,37,5630
2020-06-03T05:54:45.000Z,129.775647,35.263665,37,5630
2020-06-03T05:55:15.000Z,129.77850700000002,35.26525200000001,37,5650
2020-06-03T05:56:02.000Z,129.78306,35.267787,37,5640
2020-06-03T05:56:39.000Z,129.78647800000002,35.269657,37,5640
2020-06-03T05:57:38.000Z,129.792192,35.272802,37,5630
2020-06-03T05:58:09.000Z,129.795048,35.274375,37,5630
2020-06-03T05:58:38.000Z,129.79791,35.275953,37,5630
2020-06-03T05:59:03.000Z,129.800195,35.277235,37,5610
2020-06-03T05:59:45.000Z,129.804193,35.27944799999999,37,5600
2020-06-03T06:01:39.000Z,129.815023,35.285432,37,5620
2020-06-03T06:02:27.000Z,129.81958,35.28792199999999,37,5640
2020-06-03T06:02:50.000Z,129.821847,35.289157,37,5650
2020-06-03T06:03:21.000Z,129.824695,35.29071300000001,37,5650
2020-06-03T06:04:03.000Z,129.82868,35.292863,37,5680
2020-06-03T06:04:27.000Z,129.83097,35.294105,37,5690
2020-06-03T06:04:57.000Z,129.833927,35.295715,37,5690
2020-06-03T06:05:27.000Z,129.836672,35.297178,37,5700
2020-06-03T06:05:51.000Z,129.838942,35.298402,37,5690
2020-06-03T06:06:32.000Z,129.84235800000002,35.30025300000001,37,5700
2020-06-03T06:07:52.000Z,129.85028799999998,35.304552,36,5670
2020-06-03T06:08:15.000Z,129.852545,35.305777,36,5670
2020-06-03T06:08:51.000Z,129.855928,35.3076,36,5670
2020-06-03T06:09:27.000Z,129.859305,35.30940800000001,36,5670
2020-06-03T06:10:03.000Z,129.862683,35.311237,36,5680
2020-06-03T06:10:45.000Z,129.866,35.3131,36,5600
2020-06-03T06:11:08.000Z,129.868855,35.314563,36,5650
2020-06-03T06:11:31.000Z,129.871102,35.315767,36,5700
2020-06-03T06:11:57.000Z,129.87335,35.31698,36,5640
2020-06-03T06:12:21.000Z,129.875605,35.31818300000001,36,5660
2020-06-03T06:12:45.000Z,129.877863,35.319393,36,5680
2020-06-03T06:13:09.000Z,129.880113,35.320602,36,5690
2020-06-03T06:13:51.000Z,129.884067,35.322723,36,5700
2020-06-03T06:14:15.000Z,129.886322,35.32395800000001,36,5710
2020-06-03T06:14:39.000Z,129.88865800000002,35.325288,36,5720
2020-06-03T06:15:09.000Z,129.89138799999998,35.32678,36,5710
2020-06-03T06:15:33.000Z,129.89366,35.32800800000001,36,5720
2020-06-03T06:15:57.000Z,129.896017,35.32928300000001,36,5700
2020-06-03T06:16:20.000Z,129.898173,35.33045999999999,36,5680
2020-06-03T06:16:45.000Z,129.900417,35.33169,36,5660
2020-06-03T06:17:09.000Z,129.902655,35.332925,36,5650
2020-06-03T06:17:33.000Z,129.904888,35.33416300000001,36,5630
2020-06-03T06:17:57.000Z,129.907217,35.33544000000001,36,5640
2020-06-03T06:18:20.000Z,129.909355,35.336602,36,5630
2020-06-03T06:18:45.000Z,129.911672,35.337885,36,5620
2020-06-03T06:19:09.000Z,129.91381,35.339087,36,5630
2020-06-03T06:19:33.000Z,129.91605,35.340325,36,5620
2020-06-03T06:20:02.000Z,129.91883700000002,35.341873,36,5610
2020-06-03T06:20:38.000Z,129.922178,35.343773,36,5590
2020-06-03T06:21:09.000Z,129.924955,35.34534199999999,36,5540
2020-06-03T06:21:44.000Z,129.92763200000002,35.346872,36,5500
2020-06-03T06:23:14.000Z,129.93653999999998,35.351912,36,5510
2020-06-03T06:23:45.000Z,129.939523,35.353598,36,5520
2020-06-03T06:24:09.000Z,129.941652,35.35482000000001,37,5500
2020-06-03T06:24:33.000Z,129.943883,35.356095,37,5520
2020-06-03T06:24:56.000Z,129.94601699999998,35.3573,37,5550
2020-06-03T06:25:56.000Z,129.951755,35.360487,37,5650
2020-06-03T06:26:21.000Z,129.954042,35.361727,37,5650
2020-06-03T06:26:45.000Z,129.956452,35.36297000000001,37,5820
2020-06-03T06:27:09.000Z,129.958688,35.36407,37,5990
2020-06-03T06:27:45.000Z,129.962323,35.365797,37,6050
2020-06-03T06:28:14.000Z,129.965067,35.367107,37,6000
2020-06-03T06:28:45.000Z,129.968143,35.368657,36,5870
2020-06-03T06:29:08.000Z,129.970347,35.36977800000001,36,5830
2020-06-03T06:29:33.000Z,129.972573,35.370992,36,5720
2020-06-03T06:29:57.000Z,129.974908,35.37224699999999,37,5630
2020-06-03T06:30:21.000Z,129.977075,35.37343,37,5660
2020-06-03T06:30:50.000Z,129.979902,35.374977,37,5640
2020-06-03T06:31:21.000Z,129.98273999999998,35.37651,37,5680
2020-06-03T06:31:44.000Z,129.985015,35.377738,37,5700
2020-06-03T06:32:21.000Z,129.988425,35.379587,37,5700
2020-06-03T06:32:50.000Z,129.991262,35.381082,37,5700
2020-06-03T06:33:14.000Z,129.993437,35.382218,37,5720
2020-06-03T06:33:44.000Z,129.996387,35.38378,37,5740
2020-06-03T06:34:09.000Z,129.998673,35.384987,37,5750
2020-06-03T06:34:36.000Z,130.001537,35.386488,37,5800
2020-06-03T06:35:02.000Z,130.003825,35.38767199999999,37,5770
2020-06-03T06:35:26.000Z,130.006107,35.38887000000001,37,5760
2020-06-03T06:35:57.000Z,130.009063,35.390402,37,5770
2020-06-03T06:36:21.000Z,130.011255,35.391528,37,5770
2020-06-03T06:36:51.000Z,130.014128,35.39301,36,5800
2020-06-03T06:37:15.000Z,130.016433,35.394195,36,5820
2020-06-03T06:37:39.000Z,130.01873999999998,35.39537,36,5850
2020-06-03T06:38:02.000Z,130.021047,35.39652299999999,36,5870
2020-06-03T06:38:26.000Z,130.02336200000002,35.397652,36,5880
2020-06-03T06:38:50.000Z,130.025665,35.39881,36,5870
2020-06-03T06:39:14.000Z,130.027962,35.399973,36,5860
2020-06-03T06:39:39.000Z,130.030258,35.401152,36,5850
2020-06-03T06:40:02.000Z,130.03255,35.402322,36,5840
2020-06-03T06:40:26.000Z,130.034843,35.403477,36,5840
2020-06-03T06:40:50.000Z,130.037117,35.404638,36,5820
2020-06-03T06:41:39.000Z,130.041642,35.406953,36,5820
2020-06-03T06:42:03.000Z,130.043902,35.408105,36,5820
2020-06-03T06:42:26.000Z,130.046157,35.40925700000001,36,5810
2020-06-03T06:42:56.000Z,130.048973,35.41069,36,5800
2020-06-03T06:43:26.000Z,130.05178,35.41216,36,5780
2020-06-03T06:43:51.000Z,130.053933,35.41329,36,5780
2020-06-03T06:44:20.000Z,130.056818,35.414808,36,5690
2020-06-03T06:45:32.000Z,130.063668,35.418078,36,6250
2020-06-03T06:45:55.000Z,130.066078,35.419067,36,6400
2020-06-03T06:46:20.000Z,130.06849,35.420012,36,6490
2020-06-03T06:46:44.000Z,130.070908,35.420935,36,6540
2020-06-03T06:47:09.000Z,130.073345,35.421855,36,6540
2020-06-03T06:47:32.000Z,130.075793,35.422782,36,6530
2020-06-03T06:48:02.000Z,130.07883700000002,35.42392299999999,36,6550
2020-06-03T06:48:27.000Z,130.081257,35.42484,36,6530
2020-06-03T06:48:51.000Z,130.08369299999998,35.425758,36,6520
2020-06-03T06:49:15.000Z,130.086243,35.426712,36,6490
2020-06-03T06:49:38.000Z,130.088563,35.427602,36,6470
2020-06-03T06:50:03.000Z,130.090973,35.428538,36,6450
2020-06-03T06:51:03.000Z,130.096963,35.430902,36,6440
2020-06-03T06:51:27.000Z,130.099358,35.43184799999999,36,6440
2020-06-03T06:51:51.000Z,130.101768,35.432796999999994,36,6430
2020-06-03T06:52:15.000Z,130.104172,35.43375,36,6440
2020-06-03T06:52:38.000Z,130.106573,35.434697,36,6450
2020-06-03T06:53:15.000Z,130.11018,35.436103,36,6450
2020-06-03T06:53:39.000Z,130.112677,35.437083,36,6450
2020-06-03T06:54:45.000Z,130.119247,35.439673,36,6470
2020-06-03T06:55:15.000Z,130.12216,35.440773,36,6510
2020-06-03T06:55:39.000Z,130.12466,35.44169799999999,36,6440
2020-06-03T06:56:03.000Z,130.126983,35.442752,36,6350
2020-06-03T06:56:27.000Z,130.12925800000002,35.443723,36,6270
2020-06-03T06:57:03.000Z,130.132853,35.445263,36,6200
2020-06-03T06:57:27.000Z,130.135113,35.446233,35,6080
2020-06-03T06:57:51.000Z,130.137525,35.447353,35,6060
2020-06-03T06:58:14.000Z,130.13971999999998,35.448418,35,5940
2020-06-03T06:58:39.000Z,130.141875,35.449613,35,5680
2020-06-03T06:59:03.000Z,130.14408999999998,35.450907,35,5470
2020-06-03T06:59:26.000Z,130.145995,35.452077,35,5340
2020-06-03T06:59:51.000Z,130.14826200000002,35.453475,35,5290
2020-06-03T07:00:14.000Z,130.150267,35.454732,35,5250
2020-06-03T07:00:38.000Z,130.152393,35.456042,35,5250
2020-06-03T07:01:03.000Z,130.154588,35.457397,35,5250
2020-06-03T07:01:26.000Z,130.156475,35.458608,35,5170
2020-06-03T07:02:15.000Z,130.160465,35.461498,35,4750
2020-06-03T07:02:38.000Z,130.162343,35.46298200000001,35,4620
2020-06-03T07:03:03.000Z,130.164282,35.464543,35,4560
2020-06-03T07:03:26.000Z,130.165975,35.465932,35,4520
2020-06-03T07:04:39.000Z,130.171628,35.470542,35,4500
2020-06-03T07:05:03.000Z,130.173562,35.47214500000001,35,4500
2020-06-03T07:05:26.000Z,130.175353,35.473612,35,4520
2020-06-03T07:05:51.000Z,130.177205,35.475155,35,4480
2020-06-03T07:06:14.000Z,130.179118,35.476667,36,4650
2020-06-03T07:06:38.000Z,130.18111000000002,35.478115,36,4860
2020-06-03T07:07:21.000Z,130.1842,35.48020800000001,36,5100
2020-06-03T07:07:45.000Z,130.186897,35.481838,36,5400
2020-06-03T07:08:14.000Z,130.189648,35.483407,36,5540
2020-06-03T07:08:38.000Z,130.191868,35.484642,36,5590
2020-06-03T07:09:03.000Z,130.194192,35.485917,36,5620
2020-06-03T07:09:33.000Z,130.196973,35.487465,36,5590
2020-06-03T07:09:57.000Z,130.199095,35.488655,36,5580
2020-06-03T07:10:20.000Z,130.20131999999998,35.489893,36,5580
2020-06-03T07:10:45.000Z,130.203542,35.49114,36,5560
2020-06-03T07:12:08.000Z,130.211345,35.495528,36,5540
2020-06-03T07:12:32.000Z,130.21357,35.496782,36,5550
2020-06-03T07:12:57.000Z,130.21580500000002,35.498027,36,5550
2020-06-03T07:13:27.000Z,130.218598,35.499598,36,5550
2020-06-03T07:14:39.000Z,130.22529699999998,35.503377,37,5560
2020-06-03T07:15:39.000Z,130.230882,35.506542,37,5550
2020-06-03T07:16:03.000Z,130.23313000000002,35.507807,37,5540
2020-06-03T07:16:26.000Z,130.23537199999998,35.509082,37,5530
2020-06-03T07:16:51.000Z,130.237595,35.510368,37,5520
2020-06-03T07:17:14.000Z,130.239827,35.51164199999999,37,5520
2020-06-03T07:17:44.000Z,130.24263,35.513243,37,5510
2020-06-03T07:18:14.000Z,130.24544699999998,35.514838,37,5510
2020-06-03T07:20:14.000Z,130.256692,35.521258,37,5500
2020-06-03T07:20:44.000Z,130.25950500000002,35.522875,37,5490
2020-06-03T07:21:09.000Z,130.26183,35.52421,37,5480
2020-06-03T07:22:32.000Z,130.269035,35.528335,37,5500
2020-06-03T07:22:57.000Z,130.271858,35.52993499999999,37,5520
2020-06-03T07:23:20.000Z,130.274113,35.531208,37,5500
2020-06-03T07:23:44.000Z,130.276367,35.53248,37,5530
2020-06-03T07:24:08.000Z,130.27862199999998,35.533755,37,5530
2020-06-03T07:24:38.000Z,130.281447,35.535357,37,5540
2020-06-03T07:25:02.000Z,130.283712,35.536635,37,5540
2020-06-03T07:25:26.000Z,130.285967,35.537912,37,5540
2020-06-03T07:25:50.000Z,130.288223,35.539185,37,5560
2020-06-03T07:27:32.000Z,130.29793700000002,35.544588,37,5570
2020-06-03T07:28:20.000Z,130.30250700000002,35.547148,37,5570
2020-06-03T07:29:39.000Z,130.309942,35.551308,37,5580
2020-06-03T07:30:39.000Z,130.31568,35.55448300000001,37,5570
2020-06-03T07:31:03.000Z,130.31798500000002,35.555753,37,5580
2020-06-03T07:31:26.000Z,130.320278,35.55702700000001,37,5580
2020-06-03T07:33:39.000Z,130.332885,35.564023,37,5590
2020-06-03T07:34:03.000Z,130.33516200000003,35.565295,37,5600
2020-06-03T07:34:26.000Z,130.337403,35.566575,37,5590
2020-06-03T07:34:50.000Z,130.339668,35.56785,37,5590
2020-06-03T07:35:15.000Z,130.341958,35.569117,37,5600
2020-06-03T07:36:14.000Z,130.347677,35.572255,37,5510
2020-06-03T07:36:39.000Z,130.349875,35.573577,37,5350
2020-06-03T07:37:03.000Z,130.35203700000002,35.574937,37,5240
2020-06-03T07:37:27.000Z,130.354185,35.576315,37,5170
2020-06-03T07:37:51.000Z,130.356383,35.57778300000001,37,5080
2020-06-03T07:38:15.000Z,130.35839,35.579148,37,5020
2020-06-03T07:38:39.000Z,130.36056299999998,35.58064,37,4980
2020-06-03T07:39:03.000Z,130.362647,35.582085,37,4960
2020-06-03T07:39:27.000Z,130.364645,35.58347,37,4970
2020-06-03T07:39:51.000Z,130.366817,35.584973,37,4980
2020-06-03T07:40:21.000Z,130.369343,35.586718,37,4980
2020-06-03T07:41:03.000Z,130.37311200000002,35.589312,37,4990
2020-06-03T07:41:50.000Z,130.377227,35.59212700000001,37,5010
2020-06-03T07:42:21.000Z,130.379862,35.59391,37,5030
2020-06-03T07:42:45.000Z,130.381993,35.59533300000001,37,5060
2020-06-03T07:43:15.000Z,130.384653,35.597102,37,5070
2020-06-03T07:43:39.000Z,130.386875,35.598575,37,5090
2020-06-03T07:44:03.000Z,130.388917,35.59993,37,5080
2020-06-03T07:44:27.000Z,130.391047,35.601348,37,5080
2020-06-03T07:44:57.000Z,130.393697,35.60313,37,5080
2020-06-03T07:45:21.000Z,130.395907,35.604615,37,5090
2020-06-03T07:45:45.000Z,130.39795800000002,35.605973,37,5090
2020-06-03T07:46:08.000Z,130.400098,35.607383,37,5090
2020-06-03T07:46:33.000Z,130.402237,35.608805,37,5090
2020-06-03T07:46:57.000Z,130.404387,35.61022,37,5100
2020-06-03T07:47:33.000Z,130.40769699999998,35.612407,37,5110
2020-06-03T07:47:57.000Z,130.409765,35.613765,37,5120
2020-06-03T07:48:21.000Z,130.41192,35.615185,37,5120
2020-06-03T07:48:45.000Z,130.414085,35.6166,37,5130
2020-06-03T07:49:08.000Z,130.416267,35.61801,37,5140
2020-06-03T07:49:38.000Z,130.418977,35.61977800000001,37,5160
2020-06-03T07:50:03.000Z,130.421147,35.62117999999999,37,5170
2020-06-03T07:50:27.000Z,130.423418,35.622643,37,5180
2020-06-03T07:50:51.000Z,130.425508,35.623993,37,5180
2020-06-03T07:51:16.000Z,130.427702,35.625392,37,5170
2020-06-03T07:51:38.000Z,130.42987,35.626813,37,5090
2020-06-03T07:52:03.000Z,130.432168,35.62826300000001,37,5300
2020-06-03T07:52:32.000Z,130.434952,35.629843,38,5560
2020-06-03T07:52:57.000Z,130.43731200000002,35.63109,38,5720
2020-06-03T07:53:20.000Z,130.439697,35.632307,38,5830
2020-06-03T07:53:56.000Z,130.443302,35.6341,38,5890
2020-06-03T07:54:21.000Z,130.445708,35.63529699999999,38,5890
2020-06-03T07:54:50.000Z,130.448722,35.636787,38,5870
2020-06-03T07:55:15.000Z,130.451115,35.637988,38,5840
2020-06-03T07:55:38.000Z,130.453495,35.639193,38,5830
2020-06-03T07:56:52.000Z,130.460687,35.642795,38,5860
2020-06-03T07:57:15.000Z,130.463093,35.64397800000001,38,5870
2020-06-03T07:57:38.000Z,130.4655,35.645148,37,5940
2020-06-03T07:58:03.000Z,130.468,35.646395,37,5830
2020-06-03T07:59:51.000Z,130.47811299999998,35.652178,37,5400
2020-06-03T08:00:26.000Z,130.480907,35.653855,37,5400
2020-06-03T08:02:33.000Z,130.493087,35.661347,37,5550
2020-06-03T08:02:57.000Z,130.49545,35.66259,38,5710
2020-06-03T08:03:20.000Z,130.497842,35.66380200000001,38,5810
2020-06-03T08:03:45.000Z,130.500252,35.665,38,5860
2020-06-03T08:04:15.000Z,130.503273,35.666495,38,5870
2020-06-03T08:04:45.000Z,130.50628,35.667987,38,5880
2020-06-03T08:05:14.000Z,130.509292,35.66948499999999,38,5870
2020-06-03T08:05:38.000Z,130.511707,35.67067700000001,38,5880
2020-06-03T08:06:02.000Z,130.514015,35.671818,38,5870
2020-06-03T08:06:26.000Z,130.516522,35.67306,38,5870
2020-06-03T08:06:57.000Z,130.519528,35.674557,38,5860
2020-06-03T08:07:27.000Z,130.522523,35.676063,38,5840
2020-06-03T08:07:50.000Z,130.524908,35.67727,38,5830
2020-06-03T08:08:15.000Z,130.527313,35.678483,38,5810
2020-06-03T08:08:44.000Z,130.530302,35.680005,38,5810
2020-06-03T08:09:08.000Z,130.532695,35.681218,38,5810
2020-06-03T08:09:33.000Z,130.53518200000002,35.682492,38,5790
2020-06-03T08:10:03.000Z,130.538053,35.683955,38,5780
2020-06-03T08:10:27.000Z,130.540347,35.68509,38,5760
2020-06-03T08:10:50.000Z,130.542807,35.68639500000001,38,5760
2020-06-03T08:11:14.000Z,130.545223,35.687663,38,5750
2020-06-03T08:11:39.000Z,130.54761200000002,35.688895,38,5740
2020-06-03T08:12:03.000Z,130.54993000000002,35.690142,37,5580
2020-06-03T08:12:27.000Z,130.552307,35.69154,37,5410
2020-06-03T08:12:51.000Z,130.554452,35.692863,37,5290
2020-06-03T08:13:14.000Z,130.556667,35.69427,37,5220
2020-06-03T08:13:40.000Z,130.558897,35.695687,37,5190
2020-06-03T08:14:03.000Z,130.561172,35.697185,37,5200
2020-06-03T08:14:39.000Z,130.564413,35.699238,38,5200
2020-06-03T08:15:03.000Z,130.56673700000002,35.700777,37,5220
2020-06-03T08:15:27.000Z,130.569082,35.702283,37,5230
2020-06-03T08:15:51.000Z,130.57120700000002,35.703625,37,5240
2020-06-03T08:16:14.000Z,130.573437,35.705032,37,5240
2020-06-03T08:16:44.000Z,130.576247,35.70681,37,5250
2020-06-03T08:17:09.000Z,130.578472,35.708202,37,5260
2020-06-03T08:17:33.000Z,130.580687,35.709598,37,5240
2020-06-03T08:17:57.000Z,130.58281000000002,35.71086,38,5220
2020-06-03T08:18:21.000Z,130.585172,35.712397,38,5220
2020-06-03T08:18:44.000Z,130.587333,35.71378,38,5240
2020-06-03T08:19:14.000Z,130.590098,35.715518,38,5240
2020-06-03T08:20:26.000Z,130.596708,35.7197,38,5210
2020-06-03T08:20:51.000Z,130.598865,35.72105,38,5180
2020-06-03T08:21:14.000Z,130.60106000000002,35.722465,38,5160
2020-06-03T08:21:38.000Z,130.603267,35.72389000000001,38,5170
2020-06-03T08:22:03.000Z,130.605478,35.725318,38,5160
2020-06-03T08:22:26.000Z,130.607685,35.726745,38,5160
2020-06-03T08:22:51.000Z,130.609887,35.728163,38,5160
2020-06-03T08:23:14.000Z,130.61209,35.72958,38,5160
2020-06-03T08:23:38.000Z,130.614298,35.730998,38,5170
2020-06-03T08:24:02.000Z,130.61651,35.732415,38,5180
2020-06-03T08:24:44.000Z,130.62035,35.734818,38,5210
2020-06-03T08:25:33.000Z,130.624878,35.73767700000001,38,5200
2020-06-03T08:25:57.000Z,130.627005,35.73902800000001,38,5200
2020-06-03T08:26:21.000Z,130.629248,35.740493,38,5190
2020-06-03T08:26:51.000Z,130.63212,35.742343,38,5200
2020-06-03T08:27:14.000Z,130.63423999999998,35.74370300000001,38,5190
2020-06-03T08:34:39.000Z,130.67500800000002,35.770305,38,5120
2020-06-03T08:37:15.000Z,130.689272,35.779645,37,5110
2020-06-03T08:41:03.000Z,130.709768,35.793282,38,5090
2020-06-03T08:42:44.000Z,130.719013,35.799415,38,5090
2020-06-03T08:44:20.000Z,130.72771699999998,35.805148,38,5100
2020-06-03T08:46:38.000Z,130.740303,35.813522,38,5110
2020-06-03T08:48:26.000Z,130.750078,35.819922,38,5080
2020-06-03T08:49:38.000Z,130.756622,35.82429000000001,38,5080
2020-06-03T08:51:32.000Z,130.766945,35.831197,38,5070
2020-06-03T08:54:45.000Z,130.784403,35.842745,38,5150
2020-06-03T08:56:44.000Z,130.7953,35.849885,37,5110
2020-06-03T08:57:38.000Z,130.80022,35.853102,37,5130
2020-06-03T09:02:03.000Z,130.82423,35.86887,37,5120
2020-06-03T09:04:44.000Z,130.838688,35.87844699999999,37,5120
2020-06-03T09:06:44.000Z,130.850062,35.88514,37,5530
2020-06-03T09:07:44.000Z,130.855763,35.88838,37,5510
2020-06-03T09:10:51.000Z,130.873582,35.898615,37,5500
2020-06-03T09:11:57.000Z,130.879873,35.902227,37,5490
2020-06-03T09:14:45.000Z,130.89592,35.911327,37,5530
2020-06-03T09:16:39.000Z,130.906643,35.917775,37,5110
2020-06-03T09:18:08.000Z,130.914455,35.923152,37,4970
2020-06-03T09:20:44.000Z,130.92808,35.932767,37,4650
2020-06-03T09:22:38.000Z,130.937365,35.940333,37,4490
2020-06-03T09:24:45.000Z,130.94772,35.94872700000001,37,4530
2020-06-03T09:26:39.000Z,130.957257,35.956222,37,4840
2020-06-03T09:28:03.000Z,130.96485800000002,35.96129000000001,37,5140
2020-06-03T09:30:51.000Z,130.980205,35.97125,37,5150
2020-06-03T09:32:45.000Z,130.990718,35.978007,37,5250
2020-06-03T09:34:45.000Z,131.001928,35.984803,37,5340
2020-06-03T09:36:45.000Z,131.013117,35.99155,37,5330
2020-06-03T09:37:15.000Z,131.01580800000002,35.993188,37,5330
2020-06-03T09:40:38.000Z,131.034757,36.004725,37,5340
2020-06-03T09:42:45.000Z,131.04658500000002,36.011967,37,5300
2020-06-03T09:44:26.000Z,131.05601299999998,36.017702,37,5320
2020-06-03T09:46:39.000Z,131.068377,36.02523,37,5330
2020-06-03T09:48:39.000Z,131.079635,36.032047,38,5310
2020-06-03T09:50:50.000Z,131.092048,36.039563,38,5340
2020-06-03T09:52:39.000Z,131.102182,36.045747,38,5310
2020-06-03T09:54:44.000Z,131.114003,36.052997,38,5300
2020-06-03T09:56:44.000Z,131.12532,36.059815,38,5350
2020-06-03T09:57:27.000Z,131.129275,36.0622,38,5350
2020-06-03T10:00:51.000Z,131.148543,36.073762,38,5330
2020-06-03T10:02:14.000Z,131.156482,36.07859000000001,38,5330
2020-06-03T10:04:45.000Z,131.170693,36.087108,38,5330
2020-06-03T10:06:20.000Z,131.17973500000002,36.09262800000001,38,5310
2020-06-03T10:08:50.000Z,131.19396799999998,36.101162,38,5370
2020-06-03T10:10:02.000Z,131.200808,36.105245,38,5360
2020-06-03T10:11:39.000Z,131.209918,36.110675,38,5360
2020-06-03T10:14:32.000Z,131.226333,36.120587,38,5340
2020-06-03T10:15:44.000Z,131.23308,36.124687,38,5300
2020-06-03T10:17:45.000Z,131.244335,36.131555,38,5300
2020-06-03T10:23:26.000Z,131.27698700000002,36.150657,38,5500
2020-06-03T10:35:27.000Z,131.346395,36.190403,38,5460
2020-06-03T10:44:10.000Z,131.397725,36.219993,38,5500
2020-06-03T10:49:38.000Z,131.428258,36.237562,38,5440
2020-06-03T10:51:53.000Z,131.44200800000002,36.245572,38,5400
2020-06-03T11:05:14.000Z,131.51820800000002,36.28950800000001,38,5440
2020-06-03T11:14:14.000Z,131.57016299999998,36.319458,38,5460
2020-06-03T11:29:40.000Z,131.660345,36.371042,38,5500
2020-06-03T11:40:56.000Z,131.72456,36.407953000000006,38,5480
2020-06-03T11:43:20.000Z,131.738562,36.41594,38,5460
2020-06-03T11:46:27.000Z,131.756603,36.426327,38,5460
2020-06-03T11:50:33.000Z,131.780508,36.440003,38,5450
2020-06-03T11:55:10.000Z,131.807393,36.455488,38,5450
2020-06-03T11:57:39.000Z,131.822033,36.463915,38,5440
2020-06-03T12:01:03.000Z,131.841877,36.475342,38,5430
2020-06-03T12:01:15.000Z,131.843145,36.476075,38,5420
2020-06-03T12:04:51.000Z,131.86414299999998,36.488247,38,5410
2020-06-03T12:05:51.000Z,131.870027,36.491675,39,5400
2020-06-03T12:08:26.000Z,131.885303,36.500578,39,5420
2020-06-03T12:10:51.000Z,131.89944,36.508935,39,5350
2020-06-03T12:11:39.000Z,131.90423700000002,36.511787,39,5360
2020-06-03T12:14:26.000Z,131.920753,36.521487,39,5390
2020-06-03T12:16:39.000Z,131.933783,36.529213,39,5350
2020-06-03T12:18:21.000Z,131.943967,36.535302,39,5340
2020-06-03T12:20:50.000Z,131.958677,36.544188,39,5340
2020-06-03T12:22:38.000Z,131.969405,36.550572,39,5350
2020-06-03T12:24:51.000Z,131.98254,36.55832,40,5340
2020-06-03T12:26:39.000Z,131.993325,36.564822,40,5360
2020-06-03T12:28:39.000Z,132.005312,36.57196500000001,40,5330
2020-06-03T12:30:50.000Z,132.018473,36.579908,40,5320
2020-06-03T12:32:39.000Z,132.029238,36.586373,40,5340
2020-06-03T12:34:27.000Z,132.04013500000002,36.592867,40,5340
2020-06-03T12:36:38.000Z,132.053158,36.60066,40,5320
2020-06-03T12:37:38.000Z,132.059135,36.604225,40,5320
2020-06-03T12:40:45.000Z,132.077795,36.61546,40,5320
2020-06-03T12:41:14.000Z,132.08078999999998,36.617257,40,5320
2020-06-03T12:43:26.000Z,132.09391000000002,36.625173,40,5340
2020-06-03T12:46:32.000Z,132.112425,36.636237,39,5330
2020-06-03T12:51:39.000Z,132.142867,36.654227,39,5380
2020-06-03T12:58:09.000Z,132.18164199999998,36.676843,39,5440
2020-06-03T13:00:09.000Z,132.193607,36.683725,39,5440
2020-06-03T13:02:09.000Z,132.20533799999998,36.690482,38,5440
2020-06-03T13:03:15.000Z,132.21175,36.694172,38,5440
2020-06-03T13:06:50.000Z,132.233017,36.706368,38,5470
2020-06-03T13:08:50.000Z,132.244648,36.71295300000001,38,5500
2020-06-03T13:11:27.000Z,132.25902,36.72224,37,5000
2020-06-03T13:12:33.000Z,132.265018,36.726263,38,5020
2020-06-03T13:14:39.000Z,132.276745,36.733768,38,5470
2020-06-03T13:16:45.000Z,132.28943700000002,36.740447,38,5630
2020-06-03T13:18:51.000Z,132.30202,36.74731,38,5580
2020-06-03T13:20:50.000Z,132.313578,36.753575,38,5610
2020-06-03T13:22:44.000Z,132.324807,36.759687,38,5540
2020-06-03T13:24:44.000Z,132.33643500000002,36.766217,38,5480
2020-06-03T13:26:44.000Z,132.348047,36.772782,38,5500
2020-06-03T13:27:56.000Z,132.355137,36.776762,38,5550
2020-06-03T13:29:38.000Z,132.365035,36.782212,38,5550
2020-06-03T13:34:45.000Z,132.394912,36.798712,37,5530
2020-06-03T13:36:56.000Z,132.407705,36.805852,37,5510
2020-06-03T13:38:51.000Z,132.418743,36.812057,37,5510
2020-06-03T13:40:51.000Z,132.430363,36.818427,37,5530
2020-06-03T13:41:32.000Z,132.43443200000002,36.820753,37,5520
2020-06-03T13:44:45.000Z,132.453133,36.831072,37,5540
2020-06-03T13:46:33.000Z,132.463758,36.836942,38,5520
2020-06-03T13:48:32.000Z,132.475345,36.843377,38,5520
2020-06-03T13:50:51.000Z,132.488782,36.850873,37,5440
2020-06-03T13:52:38.000Z,132.499098,36.856918,37,5370
2020-06-03T13:55:03.000Z,132.51301,36.864982,37,5390
2020-06-03T13:56:57.000Z,132.52431299999998,36.87163,38,5370
2020-06-03T13:59:08.000Z,132.53636200000003,36.87875800000001,37,5330
2020-06-03T14:00:57.000Z,132.546843,36.885025,37,5350
2020-06-03T14:02:44.000Z,132.556923,36.891105,37,5340
2020-06-03T14:04:39.000Z,132.56846299999998,36.89802,37,5350
2020-06-03T14:09:27.000Z,132.595958,36.914235,37,5320
2020-06-03T14:11:39.000Z,132.60783500000002,36.921452,37,5280
2020-06-03T14:12:57.000Z,132.615127,36.92583,37,5280
2020-06-03T14:14:45.000Z,132.626163,36.932523,37,5290
2020-06-03T14:17:03.000Z,132.638127,36.939855,37,5260
2020-06-03T14:18:44.000Z,132.64773,36.945683,37,5270
2020-06-03T14:18:57.000Z,132.648923,36.946363,37,5260
2020-06-03T14:22:33.000Z,132.669083,36.958595,37,5240
2020-06-03T14:24:08.000Z,132.678047,36.964115,37,5230
2020-06-03T14:27:03.000Z,132.694563,36.974362,37,5230
2020-06-03T14:28:33.000Z,132.702977,36.979452,37,5250
2020-06-03T14:30:51.000Z,132.715597,36.987337,37,5200
2020-06-03T14:32:39.000Z,132.72576999999998,36.993668,37,5220
2020-06-03T14:34:44.000Z,132.73748999999998,37.001042,37,5190
2020-06-03T14:37:14.000Z,132.751408,37.009782,37,5180
2020-06-03T14:37:20.000Z,132.75196499999998,37.010132,37,5180
2020-06-03T14:52:38.000Z,132.838355,37.064218,38,5150
2020-06-03T14:53:59.000Z,132.845573,37.0688,38,5140
2020-06-03T15:11:27.000Z,132.944352,37.130503,37,5180
2020-06-03T15:11:43.000Z,132.94603500000002,37.131553,37,5200
2020-06-03T15:31:27.000Z,133.05553799999998,37.200032,37,5180
2020-06-03T15:51:27.000Z,133.166025,37.270457,37,5250
2020-06-03T15:56:14.000Z,133.193167,37.287098,38,5250
2020-06-03T16:01:33.000Z,133.22376200000002,37.305625,38,5280
2020-06-03T16:03:26.000Z,133.234542,37.312147,38,5290
2020-06-03T16:05:33.000Z,133.24684,37.31959000000001,38,5260
2020-06-03T16:06:57.000Z,133.254545,37.32429000000001,38,5220
2020-06-03T16:09:27.000Z,133.26918500000002,37.333223,38,5260
2020-06-03T16:10:14.000Z,133.27379299999998,37.336068,38,5240
2020-06-03T16:13:15.000Z,133.291208,37.346753,38,5220
2020-06-03T16:15:20.000Z,133.303503,37.354283,38,5250
2020-06-03T16:15:51.000Z,133.306445,37.356075,38,5270
2020-06-03T16:19:20.000Z,133.326943,37.36808,39,5480
2020-06-03T16:21:27.000Z,133.33971499999998,37.375218,39,5500
2020-06-03T16:31:15.000Z,133.398932,37.408125,39,5510
2020-06-03T16:48:02.000Z,133.502392,37.464862,40,5550
2020-06-03T16:52:44.000Z,133.531748,37.481018,40,5510
2020-06-03T16:53:41.000Z,133.537407,37.483975,40,5500
2020-06-03T16:56:21.000Z,133.554317,37.493488,40,5520
2020-06-03T16:58:44.000Z,133.569095,37.501637,40,5540
2020-06-03T17:02:57.000Z,133.595357,37.516127,40,5510
2020-06-03T17:04:44.000Z,133.606593,37.52234,40,5510
2020-06-03T17:07:21.000Z,133.623013,37.531448,40,5530
2020-06-03T17:09:26.000Z,133.636078,37.538603,40,5520
2020-06-03T17:09:44.000Z,133.637948,37.539648,40,5510
2020-06-03T17:12:39.000Z,133.656078,37.54974,40,5490
2020-06-03T17:17:26.000Z,133.686097,37.5663,40,5550
2020-06-03T17:20:15.000Z,133.703562,37.575905,40,5530
2020-06-03T17:24:18.000Z,133.72843999999998,37.589707,40,5500
2020-06-03T17:40:02.000Z,133.826298,37.644025,39,5530
2020-06-03T17:54:24.000Z,133.913145,37.694072,39,5300
2020-06-03T18:09:30.000Z,134.002833,37.746997,38,5400
2020-06-03T18:27:14.000Z,134.10618200000002,37.809657,38,5110
2020-06-03T18:31:50.000Z,134.132565,37.826158,38,5150
2020-06-03T18:36:50.000Z,134.161815,37.843653,38,5670
2020-06-03T18:39:14.000Z,134.176425,37.851342,38,5660
2020-06-03T18:43:26.000Z,134.20220700000002,37.864757,38,5710
2020-06-03T18:53:03.000Z,134.263707,37.89254,38,6160
2020-06-03T18:54:48.000Z,134.274315,37.897698,38,5800
2020-06-03T19:09:54.000Z,134.362823,37.94874,38,5400
2020-06-03T19:29:50.000Z,134.479142,38.017225,37,5200
2020-06-03T19:33:50.000Z,134.501878,38.031185,37,5170
2020-06-03T19:39:14.000Z,134.53213,38.050067,37,5170
2020-06-03T19:47:43.000Z,134.579745,38.079477,37,5170
2020-06-03T22:30:06.000Z,135.49392,38.624987,36,5470
2020-06-04T00:58:11.000Z,136.36416,39.123813,39,5430
2020-06-04T01:45:42.000Z,136.647545,39.29096,38,5400
2020-06-04T02:00:42.000Z,136.738015,39.340593,37,5500
2020-06-04T02:15:44.000Z,136.82831000000002,39.388778,37,5390
2020-06-04T02:15:49.000Z,136.828898,39.38911,37,5400
2020-06-04T02:45:49.000Z,137.00776299999998,39.489507,37,5400
2020-06-04T03:00:55.000Z,137.09416000000002,39.540703,37,5200
2020-06-04T03:15:55.000Z,137.180082,39.59259,37,5200
2020-06-04T03:27:38.000Z,137.248,39.633573,37,5220
2020-06-04T03:50:57.000Z,137.383037,39.713642,37,5260
2020-06-04T03:51:03.000Z,137.383802,39.714077,37,5300
2020-06-04T04:01:12.000Z,137.445248,39.74517700000001,37,5400
2020-06-04T04:12:56.000Z,137.514305,39.784207,37,5390
2020-06-04T04:16:12.000Z,137.535145,39.79577000000001,38,5400
2020-06-04T04:34:51.000Z,137.64928799999998,39.85998,39,5380
2020-06-04T04:40:44.000Z,137.686157,39.88043,39,5340
2020-06-04T04:40:51.000Z,137.686863,39.880757,39,5330
2020-06-04T04:58:57.000Z,137.797213,39.944263,39,5340
2020-06-04T05:02:27.000Z,137.818633,39.956557,39,5340
2020-06-04T05:04:02.000Z,137.828522,39.962162,39,5360
2020-06-04T05:13:57.000Z,137.890428,39.997227,39,5390
2020-06-04T05:20:14.000Z,137.928887,40.019085,38,5380
2020-06-04T05:22:56.000Z,137.944652,40.027952,37,5410
2020-06-04T05:25:21.000Z,137.958768,40.036077,37,5380
2020-06-04T05:26:38.000Z,137.967067,40.040738,37,5380
2020-06-04T05:28:38.000Z,137.979088,40.047313,37,5390
2020-06-04T05:30:45.000Z,137.991747,40.05418,37,5420
2020-06-04T05:32:27.000Z,138.001625,40.059942,37,5400
2020-06-04T05:34:38.000Z,138.014722,40.06746500000001,37,5380
2020-06-04T05:35:56.000Z,138.022573,40.071885,37,5400
2020-06-04T05:38:27.000Z,138.037228,40.080323,37,5380
2020-06-04T05:40:38.000Z,138.050242,40.087767,37,5390
2020-06-04T05:42:26.000Z,138.06088799999998,40.093848,37,5400
2020-06-04T05:44:38.000Z,138.073147,40.100878,37,5330
2020-06-04T05:46:38.000Z,138.085892,40.108077,37,5400
2020-06-04T05:48:38.000Z,138.096902,40.114373,37,5340
2020-06-04T05:50:56.000Z,138.110558,40.12217800000001,37,5360
2020-06-04T05:52:45.000Z,138.121243,40.128195,37,5360
2020-06-04T05:54:39.000Z,138.13252,40.134675,37,5360
2020-06-04T05:56:39.000Z,138.144938,40.141667,37,5350
2020-06-04T05:58:39.000Z,138.157035,40.148607,37,5350
2020-06-04T06:01:02.000Z,138.171373,40.15664500000001,37,5350
2020-06-04T06:02:50.000Z,138.182127,40.162705,37,5330
2020-06-04T06:04:44.000Z,138.193468,40.169067,37,5350
2020-06-04T06:06:44.000Z,138.205385,40.175843,37,5360
2020-06-04T06:08:39.000Z,138.216973,40.182218,37,5340
2020-06-04T06:11:03.000Z,138.231222,40.190233,37,5420
2020-06-04T06:12:39.000Z,138.24078500000002,40.195575,37,5380
2020-06-04T06:14:50.000Z,138.253755,40.202938,37,5370
2020-06-04T06:16:38.000Z,138.26435800000002,40.20915,37,5290
2020-06-04T06:18:44.000Z,138.27675,40.216243,37,5280
2020-06-04T06:20:44.000Z,138.288548,40.222997,37,5270
2020-06-04T06:22:32.000Z,138.299163,40.229122,37,5230
2020-06-04T06:24:44.000Z,138.312053,40.236675,37,5250
2020-06-04T06:26:33.000Z,138.322662,40.24294,37,5220
2020-06-04T06:28:33.000Z,138.334367,40.24986,37,5200
2020-06-04T06:30:45.000Z,138.347247,40.25748,37,5210
2020-06-04T06:32:33.000Z,138.357677,40.263772,37,5170
2020-06-04T06:34:33.000Z,138.36948,40.270877,37,5210
2020-06-04T06:36:33.000Z,138.381238,40.27786,37,5230
2020-06-04T06:38:33.000Z,138.3922,40.28435,37,5190
2020-06-04T06:40:45.000Z,138.404892,40.292062,37,5200
2020-06-04T06:42:38.000Z,138.416127,40.298668,37,5450
2020-06-04T06:44:33.000Z,138.42896299999998,40.30495300000001,37,5670
2020-06-04T06:46:38.000Z,138.44138700000002,40.311797,37,5450
2020-06-04T06:48:44.000Z,138.452987,40.318392,37,5360
2020-06-04T06:50:50.000Z,138.465407,40.32537,37,5400
2020-06-04T06:52:38.000Z,138.476135,40.331283,37,5400
2020-06-04T06:54:50.000Z,138.489142,40.3386,37,5370
2020-06-04T06:56:39.000Z,138.499847,40.344648,37,5370
2020-06-04T06:58:39.000Z,138.511743,40.35133,37,5350
2020-06-04T07:00:50.000Z,138.52465,40.358715,37,5340
2020-06-04T07:02:39.000Z,138.535427,40.364685,37,5390
2020-06-04T07:04:51.000Z,138.54926,40.372458,37,5400
2020-06-04T07:06:38.000Z,138.559185,40.378002,37,5390
2020-06-04T07:08:38.000Z,138.571908,40.385027,37,5390
2020-06-04T07:11:09.000Z,138.586697,40.39336,37,5360
2020-06-04T07:12:51.000Z,138.596778,40.399013,37,5380
2020-06-04T07:14:39.000Z,138.60744,40.404985,37,5400
2020-06-04T07:16:50.000Z,138.61963500000002,40.411603,37,5340
2020-06-04T07:18:39.000Z,138.630475,40.41776,37,5390
2020-06-04T07:20:50.000Z,138.643138,40.42471,37,5420
2020-06-04T07:22:38.000Z,138.653767,40.43055800000001,37,5440
2020-06-04T07:24:39.000Z,138.66563,40.437008,37,5430
2020-06-04T07:26:39.000Z,138.67833000000002,40.444115,37,5410
2020-06-04T07:28:32.000Z,138.68941999999998,40.45005,37,5410
2020-06-04T07:30:45.000Z,138.701578,40.456707,37,5390
2020-06-04T07:32:32.000Z,138.71197,40.46256,36,5360
2020-06-04T07:34:45.000Z,138.725353,40.470048,36,5350
2020-06-04T07:36:45.000Z,138.736587,40.476473,36,5340
2020-06-04T07:38:45.000Z,138.748023,40.482882,36,5350
2020-06-04T07:40:45.000Z,138.760422,40.49001,36,5330
2020-06-04T07:42:32.000Z,138.77080800000002,40.495848,36,5380
2020-06-04T07:44:45.000Z,138.78344199999998,40.502892,36,5380
2020-06-04T07:46:32.000Z,138.794207,40.508895,37,5380
2020-06-04T07:48:32.000Z,138.805827,40.515525,37,5330
2020-06-04T07:50:56.000Z,138.818918,40.523033,36,5300
2020-06-04T07:53:08.000Z,138.831905,40.53046,37,5340
2020-06-04T07:55:26.000Z,138.845282,40.538007,37,5350
2020-06-04T07:56:45.000Z,138.852752,40.542223,37,5320
2020-06-04T07:58:44.000Z,138.864348,40.548795,36,5330
2020-06-04T08:01:20.000Z,138.879505,40.557407,36,5310
2020-06-04T08:02:32.000Z,138.886507,40.561397,36,5320
2020-06-04T08:05:26.000Z,138.903468,40.570973,36,5410
2020-06-04T08:06:44.000Z,138.911103,40.575208,36,5400
2020-06-04T08:08:56.000Z,138.92481999999998,40.582913,36,5390
2020-06-04T08:10:57.000Z,138.935853,40.589098,36,5340
2020-06-04T08:13:08.000Z,138.948675,40.596397,37,5320
2020-06-04T08:15:09.000Z,138.96126999999998,40.603543,36,5360
2020-06-04T08:16:57.000Z,138.971752,40.609462,37,5350
2020-06-04T08:19:09.000Z,138.98456000000002,40.616787,37,5310
2020-06-04T08:20:57.000Z,138.995055,40.622895,37,5290
2020-06-04T08:22:39.000Z,139.00485700000002,40.628612,37,5280
2020-06-04T08:24:33.000Z,139.015903,40.635077,37,5260
2020-06-04T08:26:45.000Z,139.028737,40.642658,37,5230
2020-06-04T08:28:38.000Z,139.039655,40.64913,37,5220
2020-06-04T08:30:50.000Z,139.052418,40.656747,37,5200
2020-06-04T08:32:32.000Z,139.06223799999998,40.66266,37,5180
2020-06-04T08:34:26.000Z,139.0732,40.669303,37,5180
2020-06-04T08:36:26.000Z,139.084745,40.676308,37,5140
2020-06-04T08:38:38.000Z,139.097513,40.683973,37,5290
2020-06-04T08:40:45.000Z,139.109872,40.691082,37,5290
2020-06-04T08:42:39.000Z,139.120193,40.697143,37,5250
2020-06-04T08:44:26.000Z,139.131338,40.703758,37,5180
2020-06-04T08:46:38.000Z,139.14443,40.711305,37,5370
2020-06-04T08:48:50.000Z,139.157558,40.718672,37,5360
2020-06-04T08:50:38.000Z,139.168297,40.724628,37,5480
2020-06-04T08:52:28.000Z,139.179157,40.730487,37,5470
2020-06-04T08:54:27.000Z,139.191258,40.73701,37,5470
2020-06-04T08:56:27.000Z,139.20332,40.743572,37,5450
2020-06-04T08:58:41.000Z,139.21587,40.75034,37,5500
2020-06-04T09:00:33.000Z,139.22818,40.756933,37,5490
2020-06-04T09:02:32.000Z,139.24026,40.763417,37,5530
2020-06-04T09:04:32.000Z,139.25247199999998,40.76985300000001,37,5550
2020-06-04T09:06:33.000Z,139.263845,40.775722,37,5570
2020-06-04T09:08:33.000Z,139.275848,40.782243,37,5440
2020-06-04T09:10:45.000Z,139.28918000000002,40.789513,37,5380
2020-06-04T09:12:45.000Z,139.300778,40.79637,37,5140
2020-06-04T09:14:32.000Z,139.31099,40.802667,37,5100
2020-06-04T09:16:38.000Z,139.323003,40.810092,37,5110
2020-06-04T09:18:50.000Z,139.335655,40.817848,37,5150
2020-06-04T09:20:56.000Z,139.348532,40.825643,37,5190
2020-06-04T09:22:33.000Z,139.357512,40.83102,37,5150
2020-06-04T09:24:32.000Z,139.36846699999998,40.837648,37,5140
2020-06-04T09:26:39.000Z,139.381293,40.845497,37,5120
2020-06-04T09:28:39.000Z,139.391855,40.851998,37,5130
2020-06-04T09:30:50.000Z,139.404552,40.859643,37,5150
2020-06-04T09:32:33.000Z,139.415132,40.86619,37,5140
2020-06-04T09:34:34.000Z,139.427317,40.872537,37,5630
2020-06-04T09:36:39.000Z,139.439323,40.878675,37,5600
2020-06-04T09:38:39.000Z,139.45158500000002,40.884972,37,5570
2020-06-04T09:40:51.000Z,139.465687,40.892322,37,5570
2020-06-04T09:42:33.000Z,139.475985,40.897713,37,5520
2020-06-04T09:44:33.000Z,139.487128,40.90361,37,5570
2020-06-04T09:46:39.000Z,139.500822,40.910593,37,5640
2020-06-04T09:48:45.000Z,139.512745,40.91676500000001,37,5620
2020-06-04T09:50:51.000Z,139.525687,40.923492,37,5530
2020-06-04T09:52:44.000Z,139.537227,40.930022,37,5310
2020-06-04T09:54:44.000Z,139.54826200000002,40.936385,37,5310
2020-06-04T09:56:39.000Z,139.559372,40.942623,37,5370
2020-06-04T09:58:51.000Z,139.57228500000002,40.949768,37,5400
2020-06-04T10:01:03.000Z,139.586083,40.957522,37,5370
2020-06-04T10:02:27.000Z,139.594645,40.962105,37,5380
2020-06-04T10:04:33.000Z,139.606065,40.96842,37,5420
2020-06-04T10:06:32.000Z,139.618657,40.97526,37,5460
2020-06-04T10:08:33.000Z,139.63063799999998,40.981645,37,5490
2020-06-04T10:10:39.000Z,139.64347800000002,40.988375,37,5510
2020-06-04T10:12:33.000Z,139.65419,40.993958,37,5550
2020-06-04T10:14:39.000Z,139.667705,41.000908,37,5580
2020-06-04T10:16:44.000Z,139.680578,41.00748,37,5610
2020-06-04T10:18:33.000Z,139.690608,41.012815,37,5440
2020-06-04T10:20:44.000Z,139.70371699999998,41.019932,37,5470
2020-06-04T10:22:27.000Z,139.713948,41.025415,37,5490
2020-06-04T10:24:39.000Z,139.728128,41.03276,37,5560
2020-06-04T10:26:45.000Z,139.740075,41.038927,37,5570
2020-06-04T10:28:45.000Z,139.752178,41.045278,37,5570
2020-06-04T10:30:56.000Z,139.76564299999998,41.052042,37,5600
2020-06-04T10:32:45.000Z,139.776638,41.057533,37,5640
2020-06-04T10:34:45.000Z,139.78868300000002,41.063718,36,5630
2020-06-04T10:36:52.000Z,139.80159799999998,41.07022,37,5630
2020-06-04T10:38:45.000Z,139.813712,41.076328,36,5590
2020-06-04T10:40:46.000Z,139.825242,41.082317,37,5570
2020-06-04T10:42:57.000Z,139.83935,41.089828,37,5360
2020-06-04T10:44:58.000Z,139.851143,41.096502,37,5340
2020-06-04T10:46:51.000Z,139.861493,41.10231,37,5320
2020-06-04T10:49:02.000Z,139.87486,41.109508,37,5620
2020-06-04T10:51:03.000Z,139.887523,41.115855,37,5630
2020-06-04T10:52:57.000Z,139.899117,41.121718,37,5580
2020-06-04T10:54:57.000Z,139.91253,41.128633,37,5570
2020-06-04T10:57:33.000Z,139.928495,41.136948,38,5540
2020-06-04T10:58:41.000Z,139.93466,41.140208,38,5550
2020-06-04T11:00:56.000Z,139.94978500000002,41.148075,38,5520
2020-06-04T11:02:45.000Z,139.96118700000002,41.154065,38,5510
2020-06-04T11:04:33.000Z,139.972453,41.15995,38,5570
2020-06-04T11:06:44.000Z,139.986187,41.166973,38,5610
2020-06-04T11:08:32.000Z,139.99754,41.172798,38,5590
2020-06-04T11:09:32.000Z,140.003823,41.176002,38,5620
2020-06-04T11:12:26.000Z,140.02092,41.184998,37,5390
2020-06-04T11:13:20.000Z,140.026362,41.188025,37,5370
2020-06-04T11:16:26.000Z,140.04539499999998,41.198337,38,5510
2020-06-04T11:18:39.000Z,140.059162,41.205475,38,5540
2020-06-04T11:19:27.000Z,140.064202,41.208118,38,5510
2020-06-04T11:24:26.000Z,140.096732,41.225342,39,5510
2020-06-04T11:25:33.000Z,140.10386499999998,41.229087,39,5540
2020-06-04T11:26:50.000Z,140.111268,41.233042,39,5430
2020-06-04T11:29:38.000Z,140.130045,41.24317,39,5450
2020-06-04T11:32:27.000Z,140.147008,41.252642,39,5260
2020-06-04T11:34:38.000Z,140.160625,41.260478000000006,40,5290
2020-06-04T11:36:38.000Z,140.174127,41.268165,39,5340
2020-06-04T11:38:56.000Z,140.187753,41.276025,40,5210
2020-06-04T11:42:34.000Z,140.21072,41.289847,38,4990
2020-06-04T11:44:27.000Z,140.222033,41.296803,38,5130
2020-06-04T11:49:20.000Z,140.251932,41.314923,38,4990
2020-06-04T11:50:39.000Z,140.259727,41.319872,38,5040
2020-06-04T11:52:39.000Z,140.27176,41.326447,38,5490
2020-06-04T11:54:39.000Z,140.28489299999998,41.332902,39,5750
2020-06-04T11:56:27.000Z,140.29792,41.339188,40,5760
2020-06-04T11:58:27.000Z,140.311845,41.345857,40,5780
2020-06-04T12:01:03.000Z,140.329265,41.353638,41,5880
2020-06-04T12:02:33.000Z,140.34036,41.358715,41,5660
2020-06-04T12:04:33.000Z,140.354167,41.365247,40,5290
2020-06-04T12:06:33.000Z,140.366043,41.372008,40,5370
2020-06-04T12:08:39.000Z,140.3797,41.379545,40,5300
2020-06-04T12:10:51.000Z,140.394928,41.388118,40,5390
2020-06-04T12:12:39.000Z,140.40707700000002,41.39419,40,5690
2020-06-04T12:14:33.000Z,140.419933,41.40035,40,5810
2020-06-04T12:16:33.000Z,140.43326299999998,41.406642,40,5850
2020-06-04T12:18:33.000Z,140.447142,41.413093,40,5810
2020-06-04T12:20:44.000Z,140.462575,41.419998,40,5960
2020-06-04T12:22:56.000Z,140.47808,41.426813,40,5990
2020-06-04T12:24:33.000Z,140.4895,41.431655,41,6100
2020-06-04T12:26:33.000Z,140.503997,41.437638,41,6110
2020-06-04T12:28:45.000Z,140.52006799999998,41.444605,42,6010
2020-06-04T12:30:51.000Z,140.53456200000002,41.45118,42,5730
2020-06-04T12:32:39.000Z,140.546768,41.45707700000001,42,5750
2020-06-04T12:34:39.000Z,140.561057,41.463668,42,5890
2020-06-04T12:36:44.000Z,140.576222,41.470597,42,5890
2020-06-04T12:38:44.000Z,140.591777,41.47762700000001,42,5930
2020-06-04T12:40:39.000Z,140.60483,41.483242,42,6000
2020-06-04T12:42:32.000Z,140.618625,41.489275,42,5970
2020-06-04T12:44:38.000Z,140.633998,41.496013,42,5980
2020-06-04T12:46:44.000Z,140.649452,41.502717,42,6030
2020-06-04T12:48:38.000Z,140.663738,41.50871,42,6140
2020-06-04T12:50:44.000Z,140.679003,41.51466,41,6310
2020-06-04T12:52:39.000Z,140.69280700000002,41.519972,40,6250
2020-06-04T12:54:35.000Z,140.706268,41.525493,40,6040
2020-06-04T12:56:39.000Z,140.721503,41.532462,39,5790
2020-06-04T12:58:38.000Z,140.734818,41.538528,38,5760
2020-06-04T13:00:50.000Z,140.74903799999996,41.545547,38,5520
2020-06-04T13:02:39.000Z,140.759675,41.551323,38,5540
2020-06-04T13:04:39.000Z,140.772197,41.557243,38,5680
2020-06-04T13:06:39.000Z,140.786178,41.564212,38,5690
2020-06-04T13:08:26.000Z,140.79679299999995,41.569357,38,5720
2020-06-04T13:10:56.000Z,140.813823,41.577422,38,5780
2020-06-04T13:12:51.000Z,140.82546200000004,41.582662,38,5700
2020-06-04T13:14:27.000Z,140.835748,41.587705,38,5780
2020-06-04T13:16:39.000Z,140.85026299999996,41.594467,38,5790
2020-06-04T13:18:27.000Z,140.86212700000004,41.599878,39,5990
2020-06-04T13:20:39.000Z,140.878262,41.604275,38,8070
2020-06-04T13:22:27.000Z,140.892088,41.60522,39,8450
2020-06-04T13:24:26.000Z,140.907752,41.606438,39,8400
2020-06-04T13:26:39.000Z,140.92511000000005,41.607812,39,8410
2020-06-04T13:28:32.000Z,140.94028,41.608878,40,8470
2020-06-04T13:30:39.000Z,140.95713,41.609957,40,8580
2020-06-04T13:32:26.000Z,140.97162,41.610618,40,8590
2020-06-04T13:34:32.000Z,140.989467,41.611528,40,8650
2020-06-04T13:36:38.000Z,141.00630800000005,41.61239000000001,40,8630
2020-06-04T13:38:38.000Z,141.022308,41.61313300000001,40,8660
2020-06-04T13:40:51.000Z,141.04000200000004,41.613873,40,8650
2020-06-04T13:42:27.000Z,141.052847,41.614372,40,8780
2020-06-04T13:44:32.000Z,141.069643,41.61472,39,8740
2020-06-04T13:46:44.000Z,141.08711200000005,41.615062,39,8910
2020-06-04T13:48:32.000Z,141.100142,41.615323,39,8590
2020-06-04T13:51:03.000Z,141.11941299999995,41.61638,38,8680
2020-06-04T13:52:39.000Z,141.132963,41.616633,38,8990
2020-06-04T13:54:33.000Z,141.147745,41.616485,38,9090
2020-06-04T13:56:39.000Z,141.164198,41.616402,38,8950
2020-06-04T13:58:33.000Z,141.17818,41.616753,37,8910
2020-06-04T14:00:45.000Z,141.19374,41.616818,36,8890
2020-06-04T14:02:45.000Z,141.208067,41.617238,35,8740
2020-06-04T14:04:57.000Z,141.223517,41.617863,35,8670
2020-06-04T14:06:44.000Z,141.23597,41.61842,35,8620
2020-06-04T14:08:45.000Z,141.25107,41.619223,35,8580
2020-06-04T14:11:14.000Z,141.268015,41.620393,36,8440
2020-06-04T14:12:57.000Z,141.280622,41.62129,37,8470
2020-06-04T14:15:08.000Z,141.296937,41.622673,37,8140
2020-06-04T14:16:44.000Z,141.308908,41.624428,38,7710
2020-06-04T14:18:32.000Z,141.322702,41.626402,38,8170
2020-06-04T14:21:08.000Z,141.342925,41.627888,39,8470
2020-06-04T14:22:44.000Z,141.355407,41.628692,39,8510
2020-06-04T14:24:32.000Z,141.369518,41.629552,39,8570
2020-06-04T14:26:45.000Z,141.388097,41.630585,39,8600
2020-06-04T14:28:26.000Z,141.40142,41.631228,39,8660
2020-06-04T14:31:08.000Z,141.422847,41.632117,39,8690
2020-06-04T14:32:44.000Z,141.435605,41.632647,39,8710
2020-06-04T14:34:32.000Z,141.449965,41.633162,39,8750
2020-06-04T14:36:56.000Z,141.46912,41.633773,40,8720
2020-06-04T14:38:38.000Z,141.482748,41.634398,40,8770
2020-06-04T14:40:38.000Z,141.497717,41.634648,40,8780
2020-06-04T14:42:38.000Z,141.513832,41.634937,40,8880
2020-06-04T14:44:45.000Z,141.530908,41.635093,40,8920
2020-06-04T14:46:38.000Z,141.54645,41.635208,40,8940
2020-06-04T14:48:26.000Z,141.561178,41.635283,40,9020
2020-06-04T14:50:38.000Z,141.579228,41.635122,40,9070
2020-06-04T14:52:38.000Z,141.59554,41.63513,40,8870
2020-06-04T14:54:38.000Z,141.611603,41.635662,39,8780
2020-06-04T14:56:26.000Z,141.626293,41.636063,39,8820
2020-06-04T14:58:26.000Z,141.641538,41.636702,39,8720
2020-06-04T15:00:39.000Z,141.658822,41.637188,38,8650
2020-06-04T15:02:26.000Z,141.67248,41.638033,38,8390
2020-06-04T15:04:26.000Z,141.687772,41.639318,38,8380
2020-06-04T15:06:33.000Z,141.70386000000005,41.640678,38,8440
2020-06-04T15:08:33.000Z,141.719222,41.641607,37,8500
2020-06-04T15:10:38.000Z,141.734797,41.642692,37,8510
2020-06-04T15:12:38.000Z,141.749762,41.643672,37,8520
2020-06-04T15:14:33.000Z,141.764023,41.644538,37,8520
2020-06-04T15:16:33.000Z,141.778985,41.645497,37,8520
2020-06-04T15:18:32.000Z,141.793933,41.646342,37,8530
2020-06-04T15:20:44.000Z,141.810197,41.647417,37,8510
2020-06-04T15:22:44.000Z,141.824983,41.648537,37,8490
2020-06-04T15:24:33.000Z,141.839437,41.64935,37,8500
2020-06-04T15:26:44.000Z,141.85493,41.650198,37,8540
2020-06-04T15:28:50.000Z,141.871468,41.651115,36,8560
2020-06-04T15:30:50.000Z,141.88501200000005,41.652045,36,8570
2020-06-04T15:32:33.000Z,141.897623,41.652583,37,8600
2020-06-04T15:34:33.000Z,141.912428,41.653568,37,8560
2020-06-04T15:36:33.000Z,141.927308,41.6542,37,8610
2020-06-04T15:38:33.000Z,141.94197,41.65507,37,8600
2020-06-04T15:40:33.000Z,141.956802,41.65586500000001,37,8560
2020-06-04T15:42:32.000Z,141.971553,41.65666,36,8570
2020-06-04T15:44:32.000Z,141.98632,41.657477,37,8640
2020-06-04T15:46:39.000Z,142.00182,41.65812800000001,36,8690
2020-06-04T15:48:50.000Z,142.018015,41.658782,36,8670
2020-06-04T15:51:09.000Z,142.03489299999995,41.659545,36,8630
2020-06-04T15:53:09.000Z,142.049518,41.660215,36,8600
2020-06-04T15:54:56.000Z,142.062632,41.661065,36,8540
2020-06-04T15:56:38.000Z,142.07510200000004,41.661753,36,8570
2020-06-04T15:58:51.000Z,142.091342,41.662458,36,8580
2020-06-04T16:01:21.000Z,142.109638,41.663568,36,8600
2020-06-04T16:02:38.000Z,142.118905,41.664007,36,8570
2020-06-04T16:04:51.000Z,142.13648,41.664915,36,8550
2020-06-04T16:06:44.000Z,142.150395,41.665527,36,8710
2020-06-04T16:08:39.000Z,142.16457,41.665972,36,8740
2020-06-04T16:10:39.000Z,142.17927,41.666495,36,8760
2020-06-04T16:12:39.000Z,142.193128,41.666953,36,8700
2020-06-04T16:15:02.000Z,142.21046,41.667348,36,8740
2020-06-04T16:16:51.000Z,142.22359,41.667573,36,8710
2020-06-04T16:18:38.000Z,142.237355,41.66823,36,8720
2020-06-04T16:20:56.000Z,142.254767,41.668907,36,8680
2020-06-04T16:22:39.000Z,142.266653,41.669523,36,8590
2020-06-04T16:24:50.000Z,142.282375,41.670422,36,8590
2020-06-04T16:26:50.000Z,142.297138,41.670865,36,8650
2020-06-04T16:28:39.000Z,142.31048700000005,41.671377,36,8650
2020-06-04T16:31:03.000Z,142.32884199999995,41.671872,36,8570
2020-06-04T16:32:50.000Z,142.342382,41.672343,36,8690
2020-06-04T16:34:39.000Z,142.35568700000005,41.67267,36,8710
2020-06-04T16:36:50.000Z,142.370813,41.673417,36,8800
2020-06-04T16:38:44.000Z,142.384878,41.673752,36,8740
2020-06-04T16:40:39.000Z,142.398978,41.674053,36,8720
2020-06-04T16:42:39.000Z,142.413758,41.674575,37,8760
2020-06-04T16:44:39.000Z,142.42856799999996,41.674987,37,8810
2020-06-04T16:46:50.000Z,142.444797,41.67575,36,8780
2020-06-04T16:48:39.000Z,142.458103,41.676133,37,8790
2020-06-04T16:50:46.000Z,142.47381299999995,41.67679,37,8750
2020-06-04T16:52:32.000Z,142.487115,41.677215,37,8770
2020-06-04T16:54:39.000Z,142.502822,41.677712,37,8820
2020-06-04T16:56:38.000Z,142.517755,41.678168,37,8680
2020-06-04T16:58:38.000Z,142.5327,41.678892,37,8610
2020-06-04T17:01:03.000Z,142.55066499999995,41.679932,37,8580
2020-06-04T17:02:33.000Z,142.562065,41.680545,37,8610
2020-06-04T17:04:33.000Z,142.577172,41.681337,37,8660
2020-06-04T17:06:45.000Z,142.593722,41.682067,37,8650
2020-06-04T17:08:44.000Z,142.60908700000005,41.68261,37,8760
2020-06-04T17:10:44.000Z,142.625168,41.683243,37,8750
2020-06-04T17:12:27.000Z,142.638087,41.683575,37,8820
2020-06-04T17:14:39.000Z,142.65381200000004,41.683957,38,8830
2020-06-04T17:16:39.000Z,142.67022,41.6843,37,8840
2020-06-04T17:18:44.000Z,142.68615,41.684673,38,8830
2020-06-04T17:21:21.000Z,142.706175,41.685143,38,8820
2020-06-04T17:22:56.000Z,142.718313,41.685455,38,8830
2020-06-04T17:25:39.000Z,142.737898,41.6859,38,8790
2020-06-04T17:29:56.000Z,142.771852,41.686763,38,8830
2020-06-04T17:33:39.000Z,142.800278,41.687372,38,8860
2020-06-04T17:37:32.000Z,142.829963,41.687847,38,8850
2020-06-04T17:41:44.000Z,142.860922,41.688517,38,8840
2020-06-04T17:43:03.000Z,142.871965,41.688705,38,8860
2020-06-04T17:45:02.000Z,142.887222,41.689017,38,8850
2020-06-04T17:47:21.000Z,142.90377,41.689368,38,8860
2020-06-04T17:49:02.000Z,142.917923,41.689405,38,8990
2020-06-04T17:50:50.000Z,142.931717,41.689577,38,8850
2020-06-04T17:53:02.000Z,142.94853500000005,41.690057,38,8790
2020-06-04T17:55:15.000Z,142.965545,41.690602,38,8820
2020-06-04T17:56:50.000Z,142.97768,41.690932,38,8760
2020-06-04T17:59:09.000Z,142.99544699999996,41.69155,38,8760
2020-06-04T18:01:09.000Z,143.010785,41.692123,38,8720
2020-06-04T18:03:33.000Z,143.02783300000004,41.692552,38,8800
2020-06-04T18:05:26.000Z,143.042383,41.693005,38,8770
2020-06-04T18:07:14.000Z,143.0561,41.69342,38,8780
2020-06-04T18:09:21.000Z,143.072048,41.693778,37,8830
2020-06-04T18:11:32.000Z,143.088763,41.694118,37,8850
2020-06-04T18:13:15.000Z,143.101677,41.69432800000001,38,8890
2020-06-04T18:15:27.000Z,143.118708,41.694523,38,8970
2020-06-04T18:16:51.000Z,143.129477,41.694508,38,9000
2020-06-04T18:18:51.000Z,143.14483700000005,41.694413,38,8960
2020-06-04T18:21:09.000Z,143.162407,41.694803,38,8850
2020-06-04T18:23:02.000Z,143.176898,41.695068,38,8850
2020-06-04T18:25:44.000Z,143.197522,41.69564,38,8800
2020-06-04T18:29:39.000Z,143.227398,41.696413,38,8810
2020-06-04T18:32:56.000Z,143.252443,41.697138,38,8800
2020-06-04T18:35:03.000Z,143.26848,41.697508,37,8820
2020-06-04T18:37:08.000Z,143.284313,41.697778,37,8850
2020-06-04T18:38:33.000Z,143.29488700000005,41.698007,37,8860
2020-06-04T18:40:56.000Z,143.312952,41.698843,37,8490
2020-06-04T18:42:33.000Z,143.324645,41.700245,36,7700
2020-06-04T18:44:38.000Z,143.33934,41.703747,36,6750
2020-06-04T18:47:03.000Z,143.355493,41.709115,36,6620
2020-06-04T18:48:45.000Z,143.367183,41.712873,37,6690
2020-06-04T18:51:15.000Z,143.384052,41.718368,36,6630
2020-06-04T18:52:45.000Z,143.394327,41.721747,37,6600
2020-06-04T18:54:56.000Z,143.410025,41.727105,37,6590
2020-06-04T18:56:39.000Z,143.420715,41.73045,37,6680
2020-06-04T18:58:39.000Z,143.434397,41.734903,37,6630
2020-06-04T19:01:02.000Z,143.450683,41.740172,37,6700
2020-06-04T19:02:33.000Z,143.460975,41.74347,37,6660
2020-06-04T19:05:09.000Z,143.478927,41.749138,37,6680
2020-06-04T19:06:39.000Z,143.489075,41.75235,37,6700
2020-06-04T19:08:39.000Z,143.50274199999996,41.756655,36,6700
2020-06-04T19:10:51.000Z,143.518108,41.762348,36,6100
2020-06-04T19:12:56.000Z,143.53153,41.767947,36,6100
2020-06-04T19:14:56.000Z,143.544478,41.773275,36,6120
2020-06-04T19:16:38.000Z,143.555405,41.77779,36,6070
2020-06-04T19:18:38.000Z,143.56833799999995,41.783195,36,6110
2020-06-04T19:20:38.000Z,143.58119,41.78851,36,6070
2020-06-04T19:22:26.000Z,143.592085,41.793047,36,6070
2020-06-04T19:24:39.000Z,143.605922,41.798888,36,6060
2020-06-04T19:26:45.000Z,143.619637,41.804183,36,6490
2020-06-04T19:28:39.000Z,143.632428,41.808453,36,6560
2020-06-04T19:30:50.000Z,143.647155,41.81345200000001,36,6560
2020-06-04T19:32:26.000Z,143.657843,41.817088,36,6530
2020-06-04T19:34:39.000Z,143.672685,41.82225800000001,36,6480
2020-06-04T19:36:39.000Z,143.686042,41.82692700000001,36,6450
2020-06-04T19:38:39.000Z,143.699408,41.83162700000001,36,6450
2020-06-04T19:40:50.000Z,143.71397,41.836833,37,6450
2020-06-04T19:42:33.000Z,143.725428,41.840942,37,6410
2020-06-04T19:44:39.000Z,143.739892,41.84581,37,6570
2020-06-04T19:46:39.000Z,143.75356000000005,41.8504,37,6600
2020-06-04T19:49:03.000Z,143.769972,41.855777,37,6640
2020-06-04T19:51:03.000Z,143.78376,41.860268,37,6620
2020-06-04T19:52:51.000Z,143.79632,41.86442,37,6640
2020-06-04T19:54:57.000Z,143.81086299999996,41.869078,37,6630
2020-06-04T19:56:51.000Z,143.824035,41.873452,37,6600
2020-06-04T19:58:39.000Z,143.836432,41.877572,37,6600
2020-06-04T20:01:27.000Z,143.856885,41.88429,37,6600
2020-06-04T20:03:15.000Z,143.868472,41.88818300000001,37,6600
2020-06-04T20:05:14.000Z,143.882462,41.892772,38,6590
2020-06-04T20:06:50.000Z,143.89369299999996,41.896462,38,6590
2020-06-04T20:08:50.000Z,143.907713,41.901032,38,6610
2020-06-04T20:11:03.000Z,143.9234,41.906267,38,6620
2020-06-04T20:12:50.000Z,143.935953,41.910328,38,6620
2020-06-04T20:14:51.000Z,143.95011200000005,41.915072,38,6600
2020-06-04T20:16:50.000Z,143.964232,41.919558,38,6630
2020-06-04T20:18:44.000Z,143.977653,41.923993,38,6610
2020-06-04T20:20:27.000Z,143.989623,41.92793,38,6610
2020-06-04T20:22:26.000Z,144.00376200000005,41.932592,38,6620
2020-06-04T20:24:21.000Z,144.017325,41.937093,38,6640
2020-06-04T20:26:45.000Z,144.035447,41.94292700000001,38,6640
2020-06-04T20:28:20.000Z,144.046758,41.94664,38,6640
2020-06-04T20:30:38.000Z,144.061995,41.951592,38,6640
2020-06-04T20:32:26.000Z,144.075727,41.956073,38,6650
2020-06-04T20:34:33.000Z,144.089987,41.960742,38,6630
2020-06-04T20:36:44.000Z,144.105317,41.965857,38,6590
2020-06-04T20:38:08.000Z,144.115288,41.969172,38,6590
2020-06-04T20:42:44.000Z,144.14796,41.980133,38,6590
2020-06-04T20:44:56.000Z,144.163625,41.985367,38,6550
2020-06-04T20:46:45.000Z,144.177612,41.990077,39,6540
2020-06-04T20:48:32.000Z,144.18934199999995,41.994138,39,6540
2020-06-04T20:50:45.000Z,144.205117,41.99948300000001,39,6590
2020-06-04T20:50:57.000Z,144.20656,41.999968,39,6580
2020-06-04T20:56:39.000Z,144.247507,42.013775,39,6560
2020-06-04T21:00:26.000Z,144.274803,42.022988,39,6560
2020-06-04T21:02:39.000Z,144.291743,42.028733,39,6590
2020-06-04T21:06:39.000Z,144.319635,42.038033,39,6580
2020-06-04T21:08:38.000Z,144.33498500000005,42.04317,39,6620
2020-06-04T21:10:50.000Z,144.350905,42.048457,39,6600
2020-06-04T21:12:38.000Z,144.36396299999996,42.05271,39,6640
2020-06-04T21:14:39.000Z,144.378485,42.057462,39,6640
2020-06-04T21:16:27.000Z,144.391573,42.061785,39,6640
2020-06-04T21:18:45.000Z,144.408323,42.067208,39,6630
2020-06-04T21:19:51.000Z,144.41629,42.069883,39,6570
2020-06-04T21:22:03.000Z,144.432395,42.075298,39,6580
2020-06-04T21:24:39.000Z,144.45121799999995,42.081613,39,6600
2020-06-04T21:26:27.000Z,144.464443,42.086063,39,6540
2020-06-04T21:28:38.000Z,144.48036000000005,42.09143,39,6590
2020-06-04T21:30:45.000Z,144.49461200000005,42.096147,39,6580
2020-06-04T21:32:21.000Z,144.506337,42.100018,39,6600
2020-06-04T21:34:27.000Z,144.52168500000005,42.105112,39,6590
2020-06-04T21:36:27.000Z,144.53632,42.109923,39,6580
2020-06-04T21:37:38.000Z,144.54508700000005,42.112803,39,6550
2020-06-04T21:39:51.000Z,144.561152,42.118193,39,6580
2020-06-04T21:42:21.000Z,144.57943,42.124217,39,6640
2020-06-04T21:44:15.000Z,144.593333,42.128802,39,6570
2020-06-04T21:45:56.000Z,144.60564,42.133,39,6480
2020-06-04T21:54:40.000Z,144.66906699999996,42.15405,39,6580
2020-06-04T21:56:27.000Z,144.681948,42.15836,39,6570
2020-06-04T21:58:40.000Z,144.69800700000005,42.163705,39,6560
2020-06-04T22:00:27.000Z,144.711057,42.16803,39,6550
2020-06-04T22:02:27.000Z,144.72552,42.172857,39,6580
2020-06-04T22:04:39.000Z,144.74249,42.17859,39,6620
2020-06-04T22:06:26.000Z,144.755575,42.182853,39,6600
2020-06-04T22:08:26.000Z,144.77013200000005,42.18773,39,6570
2020-06-04T22:10:51.000Z,144.787652,42.193633,39,6580
2020-06-04T22:12:27.000Z,144.799445,42.19747,40,6620
2020-06-04T22:14:27.000Z,144.81306,42.20199,39,6630
2020-06-04T22:16:39.000Z,144.829483,42.207372,40,6620
2020-06-04T22:18:32.000Z,144.843472,42.211933,40,6630
2020-06-04T22:20:14.000Z,144.856962,42.21634,40,6620
2020-06-04T22:22:27.000Z,144.872433,42.221485,40,6580
2020-06-04T22:24:26.000Z,144.887122,42.226268,40,6640
2020-06-04T22:26:38.000Z,144.9035,42.231685,40,6560
2020-06-04T22:28:38.000Z,144.918202,42.23663300000001,40,6550
2020-06-04T22:30:38.000Z,144.932955,42.241515,40,6560
2020-06-04T22:32:39.000Z,144.94788799999995,42.24667,40,6500
2020-06-04T22:33:50.000Z,144.95657,42.249577,40,6530
2020-06-04T22:35:39.000Z,144.969965,42.254175,40,6510
2020-06-04T22:38:39.000Z,144.99171,42.261628,40,6510
2020-06-04T22:40:39.000Z,145.006477,42.266613,40,6560
2020-06-04T22:42:14.000Z,145.01938,42.270943,40,6620
2020-06-04T22:43:03.000Z,145.025082,42.272842,40,6620
2020-06-04T22:48:03.000Z,145.06231699999995,42.284887,39,6660
2020-06-04T22:50:51.000Z,145.082032,42.291103,39,6680
2020-06-04T22:52:02.000Z,145.090798,42.293927,39,6670
2020-06-04T22:54:02.000Z,145.105368,42.298515,39,6640
2020-06-04T23:12:27.000Z,145.24305,42.34204,39,6740
2020-06-04T23:13:27.000Z,145.250488,42.344333,40,6750
2020-06-04T23:15:02.000Z,145.26135,42.347657,40,6750
2020-06-04T23:20:03.000Z,145.298637,42.359037,39,6750
2020-06-04T23:21:15.000Z,145.308752,42.362123,39,6760
2020-06-04T23:24:02.000Z,145.32951,42.368425,39,6820
2020-06-04T23:28:40.000Z,145.36398799999995,42.37864,39,6840
2020-06-04T23:29:03.000Z,145.36685,42.379483,39,6830
2020-06-04T23:34:33.000Z,145.40636,42.391533,39,6730
2020-06-04T23:35:15.000Z,145.41162,42.393147,39,6740
2020-06-04T23:46:20.000Z,145.493682,42.417767,38,6860
2020-06-04T23:48:56.000Z,145.511732,42.422835,38,6920
2020-06-04T23:52:08.000Z,145.535207,42.429455,38,6920
2020-06-04T23:54:42.000Z,145.555323,42.435282,38,6800
2020-06-05T00:06:28.000Z,145.63661299999995,42.46256,38,6560
2020-06-05T00:21:08.000Z,145.740613,42.498267,37,6500
2020-06-05T02:48:28.000Z,146.75503700000004,42.83530800000001,37,6600
2020-06-05T03:03:28.000Z,146.857828,42.868857,36,6700
2020-06-05T03:05:30.000Z,146.872373,42.873387,36,6690
2020-06-05T03:33:35.000Z,147.069455,42.93439,36,6600
2020-06-05T03:46:18.000Z,147.158107,42.9624,37,6710
2020-06-05T03:55:10.000Z,147.218693,42.981413,37,6680
2020-06-05T04:03:46.000Z,147.279057,43.001628,37,6500
2020-06-05T04:27:56.000Z,147.44493300000005,43.059947,36,6350
2020-06-05T04:44:41.000Z,147.55688,43.099413,36,6450
2020-06-05T04:53:00.000Z,147.613068,43.118793,36,6500
2020-06-05T04:56:56.000Z,147.64104,43.128453,36,6470
2020-06-05T05:05:48.000Z,147.70128,43.149387,37,6430
2020-06-05T05:08:05.000Z,147.71616,43.154697,37,6400
2020-06-05T05:38:17.000Z,147.925278,43.220745,36,6700
2020-06-05T05:54:18.000Z,148.035447,43.25503300000001,36,6700
2020-06-05T06:42:30.000Z,148.369678,43.361955,37,6490
2020-06-05T06:42:54.000Z,148.372552,43.36295300000001,37,6540
2020-06-05T06:43:18.000Z,148.375215,43.363823,37,6550
2020-06-05T08:40:25.000Z,149.1904,43.630907,37,6490
2020-06-05T08:40:55.000Z,149.193947,43.632133,37,6490
2020-06-05T08:41:31.000Z,149.197973,43.63352,37,6450
2020-06-05T08:42:43.000Z,149.20623999999995,43.6364,37,6470
2020-06-05T08:44:07.000Z,149.215867,43.639787,37,6430
2020-06-05T08:44:37.000Z,149.219413,43.64104,37,6440
2020-06-05T08:45:43.000Z,149.226907,43.643627,37,6470
2020-06-05T09:36:20.000Z,149.5752,43.75936,36,6600
2020-06-05T09:43:57.000Z,149.628853,43.776773,36,6540
2020-06-05T09:44:15.000Z,149.630213,43.777253,36,6510
2020-06-05T10:01:35.000Z,149.748347,43.81565300000001,36,6620
2020-06-05T10:11:01.000Z,149.813173,43.836507,36,6600
2020-06-05T10:24:31.000Z,149.9064,43.86648,36,6560
2020-06-05T10:28:12.000Z,149.931803,43.87485,36,6630
2020-06-05T10:37:20.000Z,149.99584199999995,43.893847,36,7000
2020-06-05T10:52:20.000Z,150.102723,43.920668,36,7100
2020-06-05T11:10:48.000Z,150.23146699999995,43.954347,35,7000
2020-06-05T11:18:02.000Z,150.28229299999995,43.967867,36,7000
2020-06-05T11:28:45.000Z,150.35768000000004,43.98896,36,7020
2020-06-05T11:36:18.000Z,150.410667,44.002853,36,7010
2020-06-05T11:41:15.000Z,150.447498,44.012505,36,7100
2020-06-05T11:56:21.000Z,150.554502,44.040427,35,6900
2020-06-05T12:37:46.000Z,150.847037,44.119287,36,6980
2020-06-05T13:14:58.000Z,151.11328,44.1888,36,7030
2020-06-05T13:17:53.000Z,151.13413300000005,44.19424,36,7000
2020-06-05T13:39:49.000Z,151.29216,44.23536,36,7000
2020-06-05T13:40:14.000Z,151.295147,44.236187,36,6980
2020-06-05T13:41:07.000Z,151.301467,44.23792,36,6930
2020-06-05T13:41:37.000Z,151.30506699999995,44.238933,36,6930
2020-06-05T14:32:49.000Z,151.67032,44.338187,36,7080
2020-06-05T14:33:31.000Z,151.675227,44.339413,36,7080
2020-06-05T15:19:01.000Z,152.001573,44.416747,35,7020
2020-06-05T15:22:39.000Z,152.026907,44.42336,35,6950
2020-06-05T15:33:20.000Z,152.101783,44.44356,35,6900
2020-06-05T15:59:01.000Z,152.282613,44.49576,36,6830
2020-06-05T16:06:04.000Z,152.331805,44.509365,36,6890
2020-06-05T16:07:14.000Z,152.340453,44.511708,36,6900
2020-06-05T16:44:24.000Z,152.61303999999996,44.584613,37,7000
2020-06-05T16:50:09.000Z,152.654987,44.594533,37,7220
2020-06-05T16:56:26.000Z,152.70248999999995,44.605372,37,7300
2020-06-05T16:58:36.000Z,152.719013,44.609093,37,7280
2020-06-05T16:59:07.000Z,152.722773,44.609947,37,7260
2020-06-05T16:59:32.000Z,152.72592,44.61064,37,7250
2020-06-05T17:12:55.000Z,152.82696299999995,44.6322,37,7300
2020-06-05T18:06:30.000Z,153.22728,44.729893,37,7010
2020-06-05T21:30:03.000Z,154.71303999999995,45.129573,35,6710
2020-06-05T21:57:31.000Z,154.91328,45.17832,36,7090
2020-06-05T22:44:07.000Z,155.263307,45.254267,36,7170
2020-06-05T22:48:13.000Z,155.293013,45.261093,37,7180
2020-06-05T23:45:55.000Z,155.72968,45.352293,37,7210
2020-06-06T01:13:49.000Z,156.398213,45.49002700000001,36,7380
2020-06-06T01:45:12.000Z,156.639413,45.536267,37,7390
2020-06-06T01:49:31.000Z,156.671813,45.543067,36,7290
2020-06-06T01:54:43.000Z,156.711493,45.55144,36,7350
2020-06-06T02:06:16.000Z,156.79792,45.568747,36,7450
2020-06-06T02:37:50.000Z,157.0364,45.615013,36,7430
2020-06-06T02:38:32.000Z,157.04176,45.616053,36,7430
2020-06-06T02:56:18.000Z,157.17304,45.642373,36,7250
2020-06-06T03:08:56.000Z,157.26741299999995,45.66264,36,7330
2020-06-06T03:19:23.000Z,157.344693,45.679733,36,7220
2020-06-06T03:23:43.000Z,157.37648000000004,45.686987,36,7190
2020-06-06T03:27:44.000Z,157.40596200000005,45.693828,36,7220
2020-06-06T03:34:06.000Z,157.45328,45.704747,36,7140
2020-06-06T03:40:45.000Z,157.501973,45.715973,36,7100
2020-06-06T04:08:26.000Z,157.708952,45.763297,36,7310
2020-06-06T04:09:26.000Z,157.716545,45.765103,36,7270
2020-06-06T04:12:32.000Z,157.740373,45.77032,36,7300
2020-06-06T04:13:20.000Z,157.746053,45.77152,36,7210
2020-06-06T05:05:33.000Z,158.13808799999995,45.85151,36,7340
2020-06-06T05:10:03.000Z,158.17218799999995,45.858392,36,7330
2020-06-06T05:46:20.000Z,158.448115,45.914547,36,7240
2020-06-06T07:26:55.000Z,159.19688,46.072453,36,7400
2020-06-06T07:31:20.000Z,159.2312,46.079147,36,7440
2020-06-06T08:13:48.000Z,159.548827,46.143333,35,7380
2020-06-06T08:17:43.000Z,159.577787,46.149307,36,7340
2020-06-06T09:06:44.000Z,159.940507,46.22824,35,7290
2020-06-06T09:13:14.000Z,159.987893,46.237787,35,7650
2020-06-06T09:21:31.000Z,160.050453,46.247707,35,7730
2020-06-06T09:40:13.000Z,160.190453,46.268933,35,7720
2020-06-06T09:45:08.000Z,160.22752,46.2748,35,7700
2020-06-06T09:54:13.000Z,160.297173,46.285413,35,7760
2020-06-06T09:55:51.000Z,160.30921999999995,46.287302,35,7730
2020-06-06T10:05:47.000Z,160.385413,46.299013,35,7680
2020-06-06T10:14:59.000Z,160.45418700000005,46.310107,35,7760
2020-06-06T10:47:43.000Z,160.701947,46.348213,35,7770
2020-06-06T10:53:43.000Z,160.745413,46.354933,35,7700
2020-06-06T10:55:07.000Z,160.756053,46.356587,35,7770
2020-06-06T11:35:38.000Z,161.065493,46.40472000000001,36,7700
2020-06-06T12:07:09.000Z,161.31158200000004,46.443058,37,7750
2020-06-06T12:44:07.000Z,161.598453,46.489227,37,7690
2020-06-06T13:08:46.000Z,161.79349299999996,46.52128,37,7640
2020-06-06T14:01:49.000Z,162.21576000000005,46.58744,37,7880
2020-06-06T14:04:13.000Z,162.234,46.589947,37,7850
2020-06-06T14:04:43.000Z,162.2388,46.590613,37,7870
2020-06-06T14:05:25.000Z,162.244427,46.591387,37,7900
2020-06-06T14:06:14.000Z,162.250933,46.59224,37,7910
2020-06-06T14:06:43.000Z,162.2548,46.592773,37,7890
2020-06-06T14:58:40.000Z,162.67325300000005,46.65048,38,7690
2020-06-06T15:08:19.000Z,162.752747,46.66312,38,7610
