timestamp,longitude,latitude,speed,direction
2019-02-15T04:41:45.000Z,55.054,24.984,0,15940
2019-02-15T04:44:44.000Z,55.054,24.984,0,15930
2019-02-15T04:47:46.000Z,55.054,24.984,0,15920
2019-02-15T04:53:44.000Z,55.054,24.984,0,15920
2019-02-15T04:56:46.000Z,55.054,24.984,0,15920
2019-02-15T05:02:46.000Z,55.054,24.984,0,15930
2019-02-15T05:08:46.000Z,55.054,24.984,0,15970
2019-02-15T05:11:44.000Z,55.054,24.984,0,15980
2019-02-15T05:14:44.000Z,55.054,24.984,0,16000
2019-02-15T05:20:45.000Z,55.054,24.984,0,16010
2019-02-15T05:23:45.000Z,55.053945,24.983943,0,16010
2019-02-15T05:26:45.000Z,55.054,24.984,0,16010
2019-02-15T05:38:45.000Z,55.054,24.984,0,16000
2019-02-15T05:44:46.000Z,55.054,24.984,0,15990
2019-02-15T05:50:45.000Z,55.053975,24.983947,0,15980
2019-02-15T05:53:45.000Z,55.053972,24.983945,0,15980
2019-02-15T05:56:45.000Z,55.05396999999999,24.983943,0,15980
2019-02-15T06:02:44.000Z,55.05396700000001,24.983947,0,15970
2019-02-15T06:05:45.000Z,55.054,24.984,0,15980
2019-02-15T06:11:44.000Z,55.054,24.984,0,15970
2019-02-15T06:20:45.000Z,55.05396999999999,24.98394,0,15970
2019-02-15T06:26:45.000Z,55.05396800000001,24.983945,0,15980
2019-02-15T06:32:44.000Z,55.054,24.984,0,15980
2019-02-15T06:35:45.000Z,55.054,24.984,0,15980
2019-02-15T06:38:46.000Z,55.054,24.984,0,15980
2019-02-15T06:44:46.000Z,55.053958,24.983953,0,15980
2019-02-15T06:50:45.000Z,55.054,24.984,0,15970
2019-02-15T06:53:46.000Z,55.054,24.984,0,15970
2019-02-15T06:59:45.000Z,55.054,24.984,0,15980
2019-02-15T07:02:46.000Z,55.054,24.984,0,15980
2019-02-15T07:08:45.000Z,55.054,24.984,0,15980
2019-02-15T07:14:44.000Z,55.054,24.984,0,15980
2019-02-15T07:17:46.000Z,55.054,24.984,0,15980
2019-02-15T07:23:45.000Z,55.053953,24.983958,0,15970
2019-02-15T07:23:46.000Z,55.053953,24.983958,0,15970
2019-02-15T07:29:45.000Z,55.054,24.984,0,15970
2019-02-15T07:35:46.000Z,55.054,24.984,0,15980
2019-02-15T07:41:45.000Z,55.054,24.984,0,15980
2019-02-15T07:47:45.000Z,55.054,24.984,0,15980
2019-02-15T07:50:44.000Z,55.054,24.984,0,15980
2019-02-15T07:53:46.000Z,55.054,24.984,0,15970
2019-02-15T07:59:44.000Z,55.054,24.984,0,15970
2019-02-15T08:02:45.000Z,55.054,24.984,0,15970
2019-02-15T08:02:46.000Z,55.054,24.984,0,15970
2019-02-15T08:11:44.000Z,55.054,24.984,0,15980
2019-02-15T08:17:44.000Z,55.054,24.984,0,16000
2019-02-15T08:20:45.000Z,55.05396500000001,24.983923,0,16000
2019-02-15T08:26:44.000Z,55.05433299999999,24.984,0,9620
2019-02-15T08:29:45.000Z,55.054938,24.983503,0,14770
2019-02-15T08:32:44.000Z,55.056167,24.981833,4,14780
2019-02-15T08:35:44.000Z,55.057,24.9805,2,15740
2019-02-15T08:36:55.000Z,55.05716700000001,24.980167,0,15850
2019-02-15T08:37:37.000Z,55.05733299999999,24.98,0,15090
2019-02-15T08:38:32.000Z,55.0575,24.979833,0,13470
2019-02-15T08:39:29.000Z,55.057667,24.979667000000006,0,13240
2019-02-15T08:40:25.000Z,55.05790699999999,24.979593,0,12320
2019-02-15T08:40:26.000Z,55.057833,24.979667000000006,1,12300
2019-02-15T08:41:15.000Z,55.05816700000001,24.9795,0,9440
2019-02-15T08:42:25.000Z,55.058235,24.97972,0,1620
2019-02-15T08:43:05.000Z,55.058333,24.98,0,190
2019-02-15T08:43:34.000Z,55.05816700000001,24.980167,0,35900
2019-02-15T08:44:05.000Z,55.05816700000001,24.9805,0,35350
2019-02-15T08:44:25.000Z,55.05818000000001,24.980683,0,35270
2019-02-15T08:44:56.000Z,55.05816700000001,24.981,0,35120
2019-02-15T08:45:14.000Z,55.058,24.981333,0,35030
2019-02-15T08:45:44.000Z,55.058,24.981667,0,34900
2019-02-15T08:46:05.000Z,55.057833,24.982,0,34820
2019-02-15T08:46:24.000Z,55.057837,24.982262,0,34740
2019-02-15T08:46:44.000Z,55.057833,24.9825,0,34660
2019-02-15T08:46:56.000Z,55.057667,24.982833,0,34630
2019-02-15T08:47:24.000Z,55.0575,24.983167,0,34490
2019-02-15T08:47:44.000Z,55.0575,24.983667,0,34620
2019-02-15T08:47:56.000Z,55.05733299999999,24.983833,0,34660
2019-02-15T08:48:14.000Z,55.05733299999999,24.984167000000006,0,34290
2019-02-15T08:48:24.000Z,55.057197,24.984337,0,34020
2019-02-15T08:48:47.000Z,55.057,24.984667,0,34030
2019-02-15T08:48:57.000Z,55.05695,24.98493,0,34040
2019-02-15T08:49:05.000Z,55.056833,24.985167,0,34020
2019-02-15T08:49:25.000Z,55.056667,24.9855,0,34020
2019-02-15T08:49:46.000Z,55.0565,24.986,0,34280
2019-02-15T08:49:55.000Z,55.056468,24.986185,0,34090
2019-02-15T08:50:05.000Z,55.056333,24.986333,0,34180
2019-02-15T08:50:15.000Z,55.0563,24.986597,0,34030
2019-02-15T08:50:25.000Z,55.056167,24.986833,0,34020
2019-02-15T08:50:46.000Z,55.056,24.987333,0,33850
2019-02-15T08:50:56.000Z,55.05589000000001,24.987497,0,33870
2019-02-15T08:51:05.000Z,55.05583299999999,24.987667,0,33870
2019-02-15T08:51:15.000Z,55.055703,24.987927,0,33970
2019-02-15T08:51:25.000Z,55.05566700000001,24.988167,0,33940
2019-02-15T08:51:34.000Z,55.0555,24.988333,0,34020
2019-02-15T08:51:46.000Z,55.055333,24.988667,0,33890
2019-02-15T08:51:56.000Z,55.055292,24.988882,0,33890
2019-02-15T08:52:05.000Z,55.055167,24.989167,0,33900
2019-02-15T08:52:15.000Z,55.055085,24.98933,0,33820
2019-02-15T08:52:25.000Z,55.055,24.9895,0,33850
2019-02-15T08:52:34.000Z,55.054833,24.989833,0,33860
2019-02-15T08:52:56.000Z,55.054667,24.990333,0,33970
2019-02-15T08:53:05.000Z,55.0545,24.9905,0,33930
2019-02-15T08:53:15.000Z,55.05443199999999,24.990792000000006,0,33920
2019-02-15T08:53:25.000Z,55.05433299999999,24.991,0,33730
2019-02-15T08:53:34.000Z,55.05416700000001,24.991333,0,33740
2019-02-15T08:53:46.000Z,55.054,24.9915,0,33720
2019-02-15T08:53:56.000Z,55.054,24.991833,0,33710
2019-02-15T08:54:05.000Z,55.053833,24.992,0,33720
2019-02-15T08:54:15.000Z,55.053667,24.992333,0,33720
2019-02-15T08:54:34.000Z,55.0535,24.992833,0,33750
2019-02-15T08:54:46.000Z,55.053333,24.993,0,33730
2019-02-15T08:54:56.000Z,55.053167,24.993333,0,33730
2019-02-15T08:55:15.000Z,55.053,24.993833,0,33700
2019-02-15T08:55:25.000Z,55.05283299999999,24.994,0,33710
2019-02-15T08:55:34.000Z,55.05266700000001,24.994333,0,33730
2019-02-15T08:55:46.000Z,55.0525,24.994667,0,33660
2019-02-15T08:56:05.000Z,55.052333,24.995167,0,33730
2019-02-15T08:56:15.000Z,55.052167,24.995333,0,33710
2019-02-15T08:56:25.000Z,55.052167,24.995667,0,33770
2019-02-15T08:56:36.000Z,55.052,24.995833,0,33680
2019-02-15T08:56:46.000Z,55.051833,24.996167,0,33710
2019-02-15T08:56:50.000Z,55.051833,24.996167,11,33710
2019-02-15T08:56:56.000Z,55.051667,24.9965,0,33680
2019-02-15T08:57:05.000Z,55.0515,24.996667,0,33710
2019-02-15T08:57:15.000Z,55.0515,24.997,0,33800
2019-02-15T08:57:26.000Z,55.05133299999999,24.997167,0,33840
2019-02-15T08:57:38.000Z,55.05116700000001,24.9975,0,33890
2019-02-15T08:57:45.000Z,55.051083,24.99772,0,33790
2019-02-15T08:57:56.000Z,55.051,24.998,0,33700
2019-02-15T08:58:06.000Z,55.050812,24.998277,0,33730
2019-02-15T08:58:15.000Z,55.050667,24.9985,0,33760
2019-02-15T08:58:25.000Z,55.0505,24.998833,0,33770
2019-02-15T08:58:36.000Z,55.0505,24.999167,0,33750
2019-02-15T08:58:45.000Z,55.05031999999999,24.99933,0,33810
2019-02-15T08:58:56.000Z,55.050167,24.999667,0,33780
2019-02-15T08:59:05.000Z,55.05005500000001,24.999903,0,33770
2019-02-15T08:59:15.000Z,55.05,25.000167,0,33770
2019-02-15T08:59:25.000Z,55.04983299999999,25.0005,0,33710
2019-02-15T08:59:36.000Z,55.04966700000001,25.000667,0,33680
2019-02-15T08:59:45.000Z,55.0495,25.001,0,33780
2019-02-15T08:59:55.000Z,55.049333,25.001167,0,33770
2019-02-15T09:00:06.000Z,55.049262,25.001547,0,33830
2019-02-15T09:00:16.000Z,55.049167,25.001833,0,33730
2019-02-15T09:00:36.000Z,55.048833,25.002333,0,33730
2019-02-15T09:00:45.000Z,55.04875,25.002633,0,33730
2019-02-15T09:00:55.000Z,55.048667,25.003,0,33720
2019-02-15T09:01:06.000Z,55.048473,25.003225,0,33720
2019-02-15T09:01:15.000Z,55.04833299999999,25.0035,0,33730
2019-02-15T09:01:36.000Z,55.048,25.004,0,33740
2019-02-15T09:01:45.000Z,55.047953,25.004333,0,33740
2019-02-15T09:01:55.000Z,55.047833,25.004667,0,33740
2019-02-15T09:02:06.000Z,55.047675,25.004937,0,33720
2019-02-15T09:02:14.000Z,55.047557,25.005195,0,33790
2019-02-15T09:02:36.000Z,55.047333,25.005833,0,33730
2019-02-15T09:02:45.000Z,55.047167,25.006,0,33690
2019-02-15T09:02:55.000Z,55.047,25.006333,0,33710
2019-02-15T09:03:05.000Z,55.046825,25.006652,0,33710
2019-02-15T09:03:15.000Z,55.046703,25.006927,0,33810
2019-02-15T09:03:26.000Z,55.0465,25.007333,0,33950
2019-02-15T09:03:36.000Z,55.0465,25.007667,0,33990
2019-02-15T09:03:45.000Z,55.046303,25.007882,0,33910
2019-02-15T09:03:55.000Z,55.046167,25.008167,0,33920
2019-02-15T09:04:05.000Z,55.046013,25.008535,0,33940
2019-02-15T09:04:15.000Z,55.045867,25.00887,0,33950
2019-02-15T09:04:26.000Z,55.045667,25.009333,0,33960
2019-02-15T09:04:36.000Z,55.04556,25.009598,0,33940
2019-02-15T09:04:46.000Z,55.04533299999999,25.01,0,33980
2019-02-15T09:04:55.000Z,55.04533299999999,25.010333,0,33900
2019-02-15T09:05:05.000Z,55.045108,25.010652,0,33920
2019-02-15T09:05:15.000Z,55.044942000000006,25.011025,0,33890
2019-02-15T09:05:26.000Z,55.044833,25.0115,0,33940
2019-02-15T09:05:35.000Z,55.044598,25.011842,0,33910
2019-02-15T09:05:46.000Z,55.0445,25.012167,0,33960
2019-02-15T09:05:54.000Z,55.044265,25.012607,0,33920
2019-02-15T09:06:05.000Z,55.044082,25.013015,0,33910
2019-02-15T09:06:15.000Z,55.043902,25.013435,0,33910
2019-02-15T09:06:26.000Z,55.043667000000006,25.013833,0,33930
2019-02-15T09:06:35.000Z,55.043523,25.014345,0,34010
2019-02-15T09:06:46.000Z,55.043333,25.014833,0,33910
2019-02-15T09:06:54.000Z,55.043148,25.015182,0,33910
2019-02-15T09:07:05.000Z,55.042953,25.015637,0,33870
2019-02-15T09:07:15.000Z,55.042762,25.016098,0,33960
2019-02-15T09:07:26.000Z,55.0425,25.016667,0,34000
2019-02-15T09:07:35.000Z,55.04235300000001,25.017078,0,33930
2019-02-15T09:07:46.000Z,55.042167000000006,25.0175,0,33920
2019-02-15T09:07:54.000Z,55.04195,25.017975,0,33870
2019-02-15T09:08:05.000Z,55.041745,25.018457,0,33930
2019-02-15T09:08:15.000Z,55.041547,25.018945,0,33930
2019-02-15T09:08:25.000Z,55.041333,25.0195,0,34020
2019-02-15T09:08:35.000Z,55.041112,25.019975,0,33960
2019-02-15T09:08:45.000Z,55.040833,25.0205,0,33880
2019-02-15T09:08:55.000Z,55.04068,25.020913,0,33870
2019-02-15T09:09:05.000Z,55.04046500000001,25.021415,0,33940
2019-02-15T09:09:16.000Z,55.040167,25.022,0,34000
2019-02-15T09:09:25.000Z,55.04,25.0225,0,33950
2019-02-15T09:09:35.000Z,55.039802,25.023002,0,33970
2019-02-15T09:09:45.000Z,55.039667,25.0235,0,33930
2019-02-15T09:09:55.000Z,55.039373,25.023992,0,33960
2019-02-15T09:10:05.000Z,55.039167000000006,25.0245,0,33940
2019-02-15T09:10:16.000Z,55.038833,25.025167,0,33960
2019-02-15T09:10:25.000Z,55.038667,25.025667,0,33940
2019-02-15T09:10:35.000Z,55.038437,25.026182,0,33920
2019-02-15T09:10:45.000Z,55.038167,25.026667,0,33970
2019-02-15T09:10:54.000Z,55.038,25.027217,0,33920
2019-02-15T09:11:05.000Z,55.037833,25.027833,0,33880
2019-02-15T09:11:12.000Z,55.037667000000006,25.028167,0,33920
2019-02-15T09:11:16.000Z,55.0375,25.028333,0,34020
2019-02-15T09:11:22.000Z,55.037333,25.028667,0,34000
2019-02-15T09:11:29.000Z,55.037207,25.029117000000006,0,33820
2019-02-15T09:11:32.000Z,55.037167,25.029333,0,33800
2019-02-15T09:11:36.000Z,55.037027,25.0295,0,33800
2019-02-15T09:11:42.000Z,55.036833,25.029833,0,33640
2019-02-15T09:11:49.000Z,55.03664300000001,25.030197,0,33450
2019-02-15T09:11:52.000Z,55.0365,25.030333,0,33400
2019-02-15T09:11:54.000Z,55.036452,25.030513,0,33360
2019-02-15T09:11:59.000Z,55.036333,25.030667,0,33220
2019-02-15T09:12:02.000Z,55.036167000000006,25.030833,0,33130
2019-02-15T09:12:08.000Z,55.03601999999999,25.031265,0,33260
2019-02-15T09:12:12.000Z,55.036,25.0315,0,33290
2019-02-15T09:12:16.000Z,55.035833,25.031667,0,33230
2019-02-15T09:12:18.000Z,55.035667,25.031833,0,33160
2019-02-15T09:12:25.000Z,55.0355,25.032167,0,33160
2019-02-15T09:12:28.000Z,55.035667,25.032,24,33170
2019-02-15T09:12:29.000Z,55.035367,25.032332,0,33210
2019-02-15T09:12:32.000Z,55.035333,25.0325,0,33060
2019-02-15T09:12:35.000Z,55.035112,25.03269,0,32900
2019-02-15T09:12:38.000Z,55.035,25.032833,0,32790
2019-02-15T09:12:42.000Z,55.034833,25.033,0,32780
2019-02-15T09:12:48.000Z,55.034667000000006,25.033333,0,32720
2019-02-15T09:12:54.000Z,55.034397,25.033653,0,32530
2019-02-15T09:13:09.000Z,55.033875,25.034375,0,32640
2019-02-15T09:13:16.000Z,55.033667,25.034667,0,32580
2019-02-15T09:13:18.000Z,55.0335,25.034833,0,32610
2019-02-15T09:13:22.000Z,55.033333,25.035,0,32580
2019-02-15T09:13:29.000Z,55.03316700000001,25.035333,0,32360
2019-02-15T09:13:32.000Z,55.033,25.0355,0,32300
2019-02-15T09:13:35.000Z,55.03279499999999,25.035733,0,32280
2019-02-15T09:13:42.000Z,55.0325,25.036,0,32050
2019-02-15T09:13:45.000Z,55.032333,25.036167000000006,0,31930
2019-02-15T09:13:49.000Z,55.0322,25.03632,0,31840
2019-02-15T09:13:52.000Z,55.032058,25.036448,0,31760
2019-02-15T09:13:54.000Z,55.031913,25.036575,0,31690
2019-02-15T09:13:59.000Z,55.03171999999999,25.036747,0,31540
2019-02-15T09:14:02.000Z,55.0315,25.036833,0,31510
2019-02-15T09:14:09.000Z,55.031247,25.037183,0,31520
2019-02-15T09:14:16.000Z,55.03100000000001,25.0375,0,31590
2019-02-15T09:14:25.000Z,55.030487,25.037888,0,31570
2019-02-15T09:14:29.000Z,55.030487,25.037888,24,31570
2019-02-15T09:14:36.000Z,55.02995500000001,25.038372,0,31570
2019-02-15T09:14:45.000Z,55.0295,25.038833,0,31510
2019-02-15T09:14:55.000Z,55.029037,25.03922,0,31570
2019-02-15T09:15:17.000Z,55.028,25.040167,0,31450
2019-02-15T09:15:26.000Z,55.0275,25.0405,0,31450
2019-02-15T09:15:35.000Z,55.027,25.041,0,31530
2019-02-15T09:15:46.000Z,55.0265,25.0415,0,31510
2019-02-15T09:15:54.000Z,55.026068,25.041832,0,31480
2019-02-15T09:16:15.000Z,55.025167,25.042667,0,31480
2019-02-15T09:16:26.000Z,55.0245,25.043167,0,31440
2019-02-15T09:16:35.000Z,55.02416700000001,25.0435,0,31510
2019-02-15T09:16:46.000Z,55.023563,25.044035,0,31500
2019-02-15T09:16:55.000Z,55.023115,25.044415,0,31460
2019-02-15T09:17:07.000Z,55.0225,25.044833,0,31470
2019-02-15T09:17:27.000Z,55.021667,25.045833,0,31550
2019-02-15T09:17:38.000Z,55.02116700000001,25.046167,0,31560
2019-02-15T09:17:46.000Z,55.020667,25.046667000000006,0,31480
2019-02-15T09:17:54.000Z,55.02021,25.046972,0,31440
2019-02-15T09:18:06.000Z,55.01966700000001,25.0475,0,31500
2019-02-15T09:18:15.000Z,55.019333,25.047833,0,31550
2019-02-15T09:18:26.000Z,55.018833,25.048333,0,31590
2019-02-15T09:18:35.000Z,55.018333,25.048667,0,31600
2019-02-15T09:18:46.000Z,55.017825,25.049105,0,31520
2019-02-15T09:18:55.000Z,55.017403,25.049467,0,31490
2019-02-15T09:19:06.000Z,55.016833,25.05,0,31470
2019-02-15T09:19:15.000Z,55.0165,25.050333,0,31550
2019-02-15T09:19:26.000Z,55.01600000000001,25.050667,0,31600
2019-02-15T09:19:35.000Z,55.01566700000001,25.051167,0,31570
2019-02-15T09:19:45.000Z,55.01514,25.051488,0,31560
2019-02-15T09:19:54.000Z,55.014695,25.051873,0,31510
2019-02-15T09:20:06.000Z,55.01416700000001,25.052333,0,31500
2019-02-15T09:20:14.000Z,55.013833,25.052667,0,31510
2019-02-15T09:20:26.000Z,55.013333,25.053,0,31580
2019-02-15T09:20:35.000Z,55.01300000000001,25.053333,0,31670
2019-02-15T09:20:45.000Z,55.01266700000001,25.053833,0,31600
2019-02-15T09:20:55.000Z,55.0122,25.054123,0,31550
2019-02-15T09:21:06.000Z,55.011833,25.0545,0,31480
2019-02-15T09:21:14.000Z,55.0115,25.054833,0,31500
2019-02-15T09:21:26.000Z,55.011,25.055167,0,31480
2019-02-15T09:21:35.000Z,55.01066700000001,25.0555,0,31570
2019-02-15T09:21:45.000Z,55.010167,25.055833,0,31500
2019-02-15T09:21:55.000Z,55.009855,25.056203,0,31510
2019-02-15T09:22:06.000Z,55.0095,25.0565,0,31470
2019-02-15T09:22:14.000Z,55.00916700000001,25.056833,0,31490
2019-02-15T09:22:26.000Z,55.008667,25.057167,0,31530
2019-02-15T09:22:35.000Z,55.00833299999999,25.0575,0,31510
2019-02-15T09:22:45.000Z,55.00800699999999,25.057842,0,31560
2019-02-15T09:22:55.000Z,55.007645,25.058158,0,31490
2019-02-15T09:23:06.000Z,55.007333,25.0585,0,31510
2019-02-15T09:23:14.000Z,55.007,25.058833,0,31490
2019-02-15T09:23:35.000Z,55.00616700000001,25.059333,0,31570
2019-02-15T09:23:45.000Z,55.005833,25.059667,0,31610
2019-02-15T09:23:55.000Z,55.005548,25.060008,0,31590
2019-02-15T09:24:06.000Z,55.00516700000001,25.060333,0,31570
2019-02-15T09:24:14.000Z,55.004833,25.0605,0,31510
2019-02-15T09:24:35.000Z,55.004167,25.061167,0,31480
2019-02-15T09:24:45.000Z,55.00383299999999,25.0615,0,31440
2019-02-15T09:24:55.000Z,55.00354,25.061763,0,31450
2019-02-15T09:25:06.000Z,55.00316700000001,25.062,0,31520
2019-02-15T09:25:14.000Z,55.003,25.062333,0,31580
2019-02-15T09:25:35.000Z,55.00233299999999,25.062833,0,31560
2019-02-15T09:25:45.000Z,55.002,25.063167,0,31540
2019-02-15T09:25:55.000Z,55.001625,25.063465,0,31540
2019-02-15T09:26:06.000Z,55.001333,25.063833,0,31540
2019-02-15T09:26:16.000Z,55.00100000000001,25.064,0,31490
2019-02-15T09:26:35.000Z,55.000333,25.0645,0,31500
2019-02-15T09:26:45.000Z,55.0,25.064833,0,31570
2019-02-15T09:26:55.000Z,54.999763,25.0651,0,31550
2019-02-15T09:27:06.000Z,54.9995,25.065333,0,31540
2019-02-15T09:27:16.000Z,54.99916700000001,25.065667,0,31540
2019-02-15T09:27:35.000Z,54.9985,25.066167,0,31490
2019-02-15T09:27:45.000Z,54.998167,25.0665,0,31500
2019-02-15T09:27:55.000Z,54.997855,25.066773,0,31560
2019-02-15T09:28:06.000Z,54.9975,25.067167,0,31600
2019-02-15T09:28:16.000Z,54.99716700000001,25.067333,0,31530
2019-02-15T09:28:35.000Z,54.9965,25.068,0,31480
2019-02-15T09:28:45.000Z,54.99616700000001,25.068333,0,31570
2019-02-15T09:28:55.000Z,54.995782,25.068613,0,31590
2019-02-15T09:29:06.000Z,54.995333,25.069000000000006,0,31620
2019-02-15T09:29:16.000Z,54.995,25.069333,0,31510
2019-02-15T09:29:26.000Z,54.99466700000001,25.069667000000006,0,31440
2019-02-15T09:29:35.000Z,54.994333,25.07,0,31460
2019-02-15T09:29:45.000Z,54.993833,25.070333,0,31550
2019-02-15T09:29:55.000Z,54.9935,25.070667,0,31570
2019-02-15T09:30:06.000Z,54.993,25.071,0,31550
2019-02-15T09:30:16.000Z,54.992667,25.071333,0,31510
2019-02-15T09:30:26.000Z,54.992167,25.071667,0,31460
2019-02-15T09:30:35.000Z,54.99183299999999,25.072,0,31510
2019-02-15T09:30:44.000Z,54.99143,25.072412,0,31570
2019-02-15T09:30:55.000Z,54.99100000000001,25.072833,0,31580
2019-02-15T09:31:00.000Z,54.99100000000001,25.072833,21,31580
2019-02-15T09:31:06.000Z,54.99100000000001,25.072833,21,31580
2019-02-15T09:31:16.000Z,54.99016700000001,25.0735,0,31480
2019-02-15T09:31:24.000Z,54.989667,25.073833,0,31470
2019-02-15T09:31:35.000Z,54.989333,25.074333,0,31500
2019-02-15T09:31:44.000Z,54.98883299999999,25.074667,0,31590
2019-02-15T09:31:55.000Z,54.988333,25.075,0,31540
2019-02-15T09:32:06.000Z,54.987833,25.0755,0,31450
2019-02-15T09:32:15.000Z,54.987433,25.075843,0,31440
2019-02-15T09:32:24.000Z,54.987,25.076167,0,31480
2019-02-15T09:32:35.000Z,54.9865,25.076667,0,31550
2019-02-15T09:32:44.000Z,54.986048,25.077063,0,31560
2019-02-15T09:32:55.000Z,54.9855,25.0775,0,31500
2019-02-15T09:33:06.000Z,54.985,25.077833,0,31450
2019-02-15T09:33:15.000Z,54.984607,25.078285,0,31490
2019-02-15T09:33:24.000Z,54.98416700000001,25.078667000000006,0,31500
2019-02-15T09:33:35.000Z,54.983667,25.079167,0,31520
2019-02-15T09:33:44.000Z,54.983167,25.0795,0,31470
2019-02-15T09:33:56.000Z,54.982667000000006,25.08,0,31430
2019-02-15T09:34:06.000Z,54.982167,25.0805,0,31460
2019-02-15T09:34:15.000Z,54.98166,25.080818,0,31450
2019-02-15T09:34:24.000Z,54.981167000000006,25.081167,0,31530
2019-02-15T09:34:36.000Z,54.980667,25.081667000000003,0,31480
2019-02-15T09:34:45.000Z,54.980142,25.082117,0,31460
2019-02-15T09:34:56.000Z,54.9795,25.082667,0,31460
2019-02-15T09:35:06.000Z,54.979,25.083,0,31480
2019-02-15T09:35:15.000Z,54.97861500000001,25.083442,0,31580
2019-02-15T09:35:24.000Z,54.978167000000006,25.083833,0,31540
2019-02-15T09:35:36.000Z,54.9775,25.084333,0,31410
2019-02-15T09:35:44.000Z,54.977052,25.084763,0,31440
2019-02-15T09:35:56.000Z,54.9765,25.085333,0,31460
2019-02-15T09:36:04.000Z,54.976000000000006,25.085667,0,31460
2019-02-15T09:36:08.000Z,54.975833,25.085833,0,31480
2019-02-15T09:36:13.000Z,54.975667,25.086,0,31520
2019-02-15T09:36:15.000Z,54.97548199999999,25.086115,0,31480
2019-02-15T09:36:24.000Z,54.975,25.0865,0,31420
2019-02-15T09:36:32.000Z,54.9745,25.086833,0,31440
2019-02-15T09:36:36.000Z,54.974333,25.087,0,31450
2019-02-15T09:36:44.000Z,54.973882,25.08747,0,31460
2019-02-15T09:36:49.000Z,54.973667000000006,25.087667,0,31460
2019-02-15T09:36:55.000Z,54.973333,25.088,0,31520
2019-02-15T09:37:01.000Z,54.973,25.088167,0,31510
2019-02-15T09:37:08.000Z,54.972667,25.0885,0,31450
2019-02-15T09:37:13.000Z,54.972333,25.088833,0,31480
2019-02-15T09:37:19.000Z,54.972,25.089,0,31480
2019-02-15T09:37:27.000Z,54.971667,25.089333,0,31430
2019-02-15T09:37:33.000Z,54.971333,25.089667,0,31470
2019-02-15T09:37:38.000Z,54.971035,25.08991,0,31440
2019-02-15T09:37:44.000Z,54.970833,25.090167,0,31430
2019-02-15T09:37:49.000Z,54.9705,25.0905,0,31430
2019-02-15T09:37:55.000Z,54.970167,25.090667,0,31430
2019-02-15T09:38:01.000Z,54.969833,25.091,0,31430
2019-02-15T09:38:08.000Z,54.969333,25.091333,0,31440
2019-02-15T09:38:13.000Z,54.96916700000001,25.0915,0,31440
2019-02-15T09:38:19.000Z,54.968833,25.091833,0,31440
2019-02-15T09:38:24.000Z,54.968833,25.091833,27,31440
2019-02-15T09:38:25.000Z,54.9685,25.092167,0,31430
2019-02-15T09:38:38.000Z,54.967833,25.092667,0,31440
2019-02-15T09:38:44.000Z,54.967415,25.092985,0,31460
2019-02-15T09:38:56.000Z,54.966833,25.0935,0,31460
2019-02-15T09:39:02.000Z,54.9665,25.093833,0,31480
2019-02-15T09:39:08.000Z,54.96616700000001,25.094167,0,31480
2019-02-15T09:39:13.000Z,54.965833,25.094333,0,31510
2019-02-15T09:39:19.000Z,54.9655,25.094667,0,31530
2019-02-15T09:39:25.000Z,54.965167,25.095,0,31550
2019-02-15T09:39:32.000Z,54.964765,25.095268,0,31560
2019-02-15T09:39:37.000Z,54.964437,25.09556,0,31590
2019-02-15T09:39:43.000Z,54.96411,25.095855,0,31600
2019-02-15T09:39:49.000Z,54.963833,25.096167,0,31600
2019-02-15T09:39:55.000Z,54.9635,25.096333,0,31640
2019-02-15T09:40:02.000Z,54.96316700000001,25.096667,0,31640
2019-02-15T09:40:15.000Z,54.9625,25.097333,0,31640
2019-02-15T09:40:26.000Z,54.961833,25.097833,0,31640
2019-02-15T09:40:32.000Z,54.9615,25.098167,0,31640
2019-02-15T09:40:37.000Z,54.961153,25.098515,0,31640
2019-02-15T09:40:44.000Z,54.960825,25.098812,0,31640
2019-02-15T09:40:58.000Z,54.96016700000001,25.099333,0,31600
2019-02-15T09:41:05.000Z,54.959833,25.099667,0,31610
2019-02-15T09:41:10.000Z,54.9595,25.1,0,31610
2019-02-15T09:41:15.000Z,54.959167,25.100333,0,31610
2019-02-15T09:41:20.000Z,54.958833,25.1005,0,31650
2019-02-15T09:41:25.000Z,54.9585,25.100833,0,31650
2019-02-15T09:41:32.000Z,54.958183,25.101202,0,31650
2019-02-15T09:41:37.000Z,54.957852,25.101502,0,31650
2019-02-15T09:41:43.000Z,54.9575,25.101833,0,31650
2019-02-15T09:41:49.000Z,54.95716700000001,25.102,0,31650
2019-02-15T09:41:55.000Z,54.956833,25.102333,0,31650
2019-02-15T09:42:01.000Z,54.9565,25.102667,0,31650
2019-02-15T09:42:08.000Z,54.956167,25.103,0,31650
2019-02-15T09:42:13.000Z,54.956,25.103333,0,31650
2019-02-15T09:42:19.000Z,54.95566700000001,25.1035,0,31640
2019-02-15T09:42:25.000Z,54.955167,25.103833,0,31640
2019-02-15T09:42:32.000Z,54.954833,25.104167,0,31680
2019-02-15T09:42:38.000Z,54.9545,25.1045,0,31640
2019-02-15T09:42:43.000Z,54.95416700000001,25.104833,0,31630
2019-02-15T09:42:49.000Z,54.953833,25.105167,0,31640
2019-02-15T09:42:56.000Z,54.9535,25.1055,0,31640
2019-02-15T09:43:01.000Z,54.95316700000001,25.105667,0,31630
2019-02-15T09:43:07.000Z,54.952847,25.106045,0,31640
2019-02-15T09:43:13.000Z,54.9525,25.106333,0,31640
2019-02-15T09:43:19.000Z,54.952167,25.106667,0,31640
2019-02-15T09:43:25.000Z,54.95183299999999,25.106833,0,31640
2019-02-15T09:43:32.000Z,54.9515,25.107333,0,31650
2019-02-15T09:43:38.000Z,54.95116700000001,25.1075,0,31650
2019-02-15T09:43:43.000Z,54.950833,25.107833,0,31650
2019-02-15T09:43:49.000Z,54.9505,25.108167,0,31650
2019-02-15T09:43:56.000Z,54.95016700000001,25.1085,0,31650
2019-02-15T09:44:01.000Z,54.949833,25.108667,0,31650
2019-02-15T09:44:07.000Z,54.9495,25.109,0,31650
2019-02-15T09:44:13.000Z,54.949167,25.109333,0,31650
2019-02-15T09:44:19.000Z,54.94883299999999,25.109667,0,31650
2019-02-15T09:44:25.000Z,54.9485,25.11,0,31650
2019-02-15T09:44:32.000Z,54.94816700000001,25.110333,0,31650
2019-02-15T09:44:38.000Z,54.947833,25.110667000000007,0,31650
2019-02-15T09:44:43.000Z,54.9475,25.110833,0,31650
2019-02-15T09:44:49.000Z,54.94716700000001,25.111167,0,31650
2019-02-15T09:44:57.000Z,54.946833,25.1115,0,31640
2019-02-15T09:45:01.000Z,54.9465,25.111833,0,31640
2019-02-15T09:45:07.000Z,54.946167,25.112167000000003,0,31640
2019-02-15T09:45:14.000Z,54.945788,25.112467,0,31640
2019-02-15T09:45:17.000Z,54.945788,25.112467,28,31640
2019-02-15T09:45:19.000Z,54.945508,25.112723000000006,0,31640
2019-02-15T09:45:27.000Z,54.94516700000001,25.113000000000003,0,31650
2019-02-15T09:45:34.000Z,54.944833,25.113333,0,31650
2019-02-15T09:45:39.000Z,54.9445,25.113667,0,31650
2019-02-15T09:45:43.000Z,54.94416700000001,25.114,0,31650
2019-02-15T09:45:49.000Z,54.943833,25.114333,0,31650
2019-02-15T09:46:01.000Z,54.943167,25.114833,0,31650
2019-02-15T09:46:07.000Z,54.94283299999999,25.115167,0,31650
2019-02-15T09:46:13.000Z,54.9425,25.1155,0,31650
2019-02-15T09:46:19.000Z,54.942125,25.1158,0,31650
2019-02-15T09:46:25.000Z,54.941833,25.116167,0,31650
2019-02-15T09:46:32.000Z,54.94133299999999,25.1165,0,31650
2019-02-15T09:46:38.000Z,54.941,25.116833,0,31650
2019-02-15T09:46:43.000Z,54.940833,25.117,0,31650
2019-02-15T09:46:49.000Z,54.9405,25.117333,0,31640
2019-02-15T09:46:56.000Z,54.94,25.117667,0,31670
2019-02-15T09:47:01.000Z,54.93983299999999,25.118,0,31650
2019-02-15T09:47:07.000Z,54.9395,25.118333,0,31660
2019-02-15T09:47:13.000Z,54.93901700000001,25.118638,0,31640
2019-02-15T09:47:19.000Z,54.938732,25.118895,0,31630
2019-02-15T09:47:25.000Z,54.93833299999999,25.119167,0,31600
2019-02-15T09:47:32.000Z,54.938,25.1195,0,31570
2019-02-15T09:47:38.000Z,54.93766700000001,25.119833,0,31590
2019-02-15T09:47:49.000Z,54.937,25.1205,0,31490
2019-02-15T09:47:55.000Z,54.93659200000001,25.12077,0,31480
2019-02-15T09:48:13.000Z,54.935667,25.121667,0,31450
2019-02-15T09:48:19.000Z,54.93524300000001,25.121920000000006,0,31450
2019-02-15T09:48:25.000Z,54.934833,25.122167,0,31450
2019-02-15T09:48:32.000Z,54.9345,25.1225,0,31440
2019-02-15T09:48:38.000Z,54.934167,25.122833,0,31440
2019-02-15T09:48:43.000Z,54.93383299999999,25.123167,0,31440
2019-02-15T09:48:49.000Z,54.9335,25.1235,0,31430
2019-02-15T09:48:55.000Z,54.93316700000001,25.123667,0,31440
2019-02-15T09:49:01.000Z,54.932833,25.124,0,31440
2019-02-15T09:49:13.000Z,54.932,25.124667,0,31440
2019-02-15T09:49:19.000Z,54.931717000000006,25.124915,0,31440
2019-02-15T09:49:25.000Z,54.931333,25.125167,0,31440
2019-02-15T09:49:31.000Z,54.930953,25.125562,0,31470
2019-02-15T09:49:38.000Z,54.93066700000001,25.125833,0,31460
2019-02-15T09:49:49.000Z,54.93,25.126333,0,31440
2019-02-15T09:49:55.000Z,54.92954,25.126757,0,31440
2019-02-15T09:50:01.000Z,54.92916700000001,25.127,0,31440
2019-02-15T09:50:13.000Z,54.928477,25.127655,0,31410
2019-02-15T09:50:19.000Z,54.928167,25.127833,0,31410
2019-02-15T09:50:25.000Z,54.92783299999999,25.128167,0,31410
2019-02-15T09:50:31.000Z,54.927413,25.128557,0,31420
2019-02-15T09:50:38.000Z,54.927,25.128833,0,31420
2019-02-15T09:50:44.000Z,54.92670500000001,25.129158,0,31420
2019-02-15T09:50:49.000Z,54.92633299999999,25.129333,0,31420
2019-02-15T09:50:55.000Z,54.92599499999999,25.129763,0,31420
2019-02-15T09:51:01.000Z,54.925667,25.13,0,31420
2019-02-15T09:51:07.000Z,54.925333,25.130333,0,31420
2019-02-15T09:51:13.000Z,54.925,25.130667000000006,0,31450
2019-02-15T09:51:25.000Z,54.92428,25.131223,0,31450
2019-02-15T09:51:31.000Z,54.923867,25.131577,0,31450
2019-02-15T09:51:38.000Z,54.9235,25.131833,0,31450
2019-02-15T09:51:44.000Z,54.923155,25.13218,0,31410
2019-02-15T09:51:49.000Z,54.922833,25.1325,0,31410
2019-02-15T09:51:55.000Z,54.9225,25.132667,0,31420
2019-02-15T09:52:01.000Z,54.922167,25.133000000000006,0,31420
2019-02-15T09:52:13.000Z,54.9215,25.133667000000006,0,31420
2019-02-15T09:52:25.000Z,54.920728,25.134245,0,31400
2019-02-15T09:52:38.000Z,54.92,25.134833,0,31420
2019-02-15T09:52:44.000Z,54.919608,25.135205,0,31430
2019-02-15T09:52:49.000Z,54.919333,25.1355,0,31420
2019-02-15T09:52:55.000Z,54.9189,25.135812,0,31420
2019-02-15T09:53:07.000Z,54.91819200000001,25.136417,0,31420
2019-02-15T09:53:13.000Z,54.917833,25.136667000000006,0,31420
2019-02-15T09:53:25.000Z,54.917187,25.137275,0,31410
2019-02-15T09:53:38.000Z,54.9165,25.138,0,31420
2019-02-15T09:53:44.000Z,54.916063,25.138237,0,31410
2019-02-15T09:54:02.000Z,54.915,25.139167,0,31410
2019-02-15T09:54:13.000Z,54.914333,25.139667000000006,0,31410
2019-02-15T09:54:25.000Z,54.91362700000001,25.140318,0,31410
2019-02-15T09:54:31.000Z,54.91321,25.140673,0,31420
2019-02-15T09:54:37.000Z,54.913,25.141,0,31420
2019-02-15T09:54:44.000Z,54.9125,25.141333,0,31420
2019-02-15T09:54:49.000Z,54.91214,25.14159,0,31420
2019-02-15T09:54:56.000Z,54.911833,25.141833,0,31420
2019-02-15T09:55:01.000Z,54.9115,25.142167,0,31420
2019-02-15T09:55:07.000Z,54.911167000000006,25.1425,0,31420
2019-02-15T09:55:13.000Z,54.910768,25.14276,0,31450
2019-02-15T09:55:21.000Z,54.910333,25.143167,0,31430
2019-02-15T09:55:27.000Z,54.91,25.1435,0,31370
2019-02-15T09:55:31.000Z,54.909667000000006,25.143667,0,31440
2019-02-15T09:55:33.000Z,54.9095,25.143833,0,31480
2019-02-15T09:55:37.000Z,54.909333,25.144,0,31550
2019-02-15T09:55:41.000Z,54.909167,25.144167000000003,0,31650
2019-02-15T09:55:44.000Z,54.90893199999999,25.144345,0,31670
2019-02-15T09:55:47.000Z,54.908833,25.1445,0,31720
2019-02-15T09:55:50.000Z,54.908667,25.144667,0,31770
2019-02-15T09:55:53.000Z,54.9085,25.144833,0,31880
2019-02-15T09:55:56.000Z,54.908333,25.145,0,31940
2019-02-15T09:55:59.000Z,54.90816700000001,25.145167,0,31990
2019-02-15T09:56:01.000Z,54.908,25.145333,0,32010
2019-02-15T09:56:05.000Z,54.907833,25.1455,0,32110
2019-02-15T09:56:08.000Z,54.907667,25.145667,0,32150
2019-02-15T09:56:13.000Z,54.907383,25.145965,0,32150
2019-02-15T09:56:19.000Z,54.907,25.146333,0,32170
2019-02-15T09:56:25.000Z,54.906773,25.146655,0,32290
2019-02-15T09:56:32.000Z,54.906425,25.14706,0,32350
2019-02-15T09:56:38.000Z,54.906167,25.147333,0,32380
2019-02-15T09:56:49.000Z,54.905667,25.148000000000003,0,32560
2019-02-15T09:57:01.000Z,54.90516700000001,25.148833,0,32740
2019-02-15T09:57:08.000Z,54.904833,25.149167,0,32720
2019-02-15T09:57:13.000Z,54.90456800000001,25.14955,0,32730
2019-02-15T09:57:19.000Z,54.904333,25.15,0,32750
2019-02-15T09:57:25.000Z,54.904032,25.150288,0,32730
2019-02-15T09:57:31.000Z,54.903833,25.150667,0,32710
2019-02-15T09:57:53.000Z,54.902833,25.152,0,32730
2019-02-15T09:57:57.000Z,54.9025,25.152167,0,32670
2019-02-15T09:58:01.000Z,54.902333,25.1525,0,32620
2019-02-15T09:58:05.000Z,54.90216700000001,25.152667,0,32690
2019-02-15T09:58:08.000Z,54.902,25.152833,0,32720
2019-02-15T09:58:11.000Z,54.901833,25.153,0,32810
2019-02-15T09:58:13.000Z,54.901817,25.153187,0,32760
2019-02-15T09:58:17.000Z,54.901667,25.1535,0,32870
2019-02-15T09:58:25.000Z,54.901325,25.153932,0,33180
2019-02-15T09:58:33.000Z,54.901,25.1545,0,33530
2019-02-15T09:58:39.000Z,54.900833,25.154833,0,33970
2019-02-15T09:58:45.000Z,54.900833,25.155333,0,34320
2019-02-15T09:58:51.000Z,54.90066700000001,25.155667,0,34620
2019-02-15T09:59:01.000Z,54.9005,25.156333,0,35090
2019-02-15T09:59:05.000Z,54.9005,25.156667,0,35180
2019-02-15T09:59:11.000Z,54.9005,25.157,0,35370
2019-02-15T09:59:13.000Z,54.900423,25.157165,0,35430
2019-02-15T09:59:15.000Z,54.900333,25.157333,0,35500
2019-02-15T09:59:19.000Z,54.900333,25.157667,0,35570
2019-02-15T09:59:25.000Z,54.900345,25.157995,0,35620
2019-02-15T09:59:27.000Z,54.900333,25.158167,0,35680
2019-02-15T09:59:37.000Z,54.900333,25.158833,0,35820
2019-02-15T10:00:01.000Z,54.900333,25.1605,0,35970
2019-02-15T10:00:08.000Z,54.900167,25.161,0,35990
2019-02-15T10:00:13.000Z,54.900167,25.161333,0,35980
2019-02-15T10:00:26.000Z,54.900167,25.162333,0,10
2019-02-15T10:00:31.000Z,54.900167,25.162667000000006,0,10
2019-02-15T10:00:38.000Z,54.900167,25.163167,0,35970
2019-02-15T10:01:01.000Z,54.900167,25.164667,0,35980
2019-02-15T10:01:08.000Z,54.900167,25.165167,0,35980
2019-02-15T10:01:13.000Z,54.900167,25.165667000000006,0,35970
2019-02-15T10:01:19.000Z,54.900167,25.166,0,35970
2019-02-15T10:01:26.000Z,54.900167,25.1665,0,35970
2019-02-15T10:01:31.000Z,54.900167,25.166833,0,35980
2019-02-15T10:01:43.000Z,54.900167,25.167667,0,35950
2019-02-15T10:01:47.000Z,54.900167,25.167667,28,35950
2019-02-15T10:02:01.000Z,54.9,25.169,0,35960
2019-02-15T10:02:13.000Z,54.9,25.169833,0,35970
2019-02-15T10:02:38.000Z,54.9,25.171667000000006,0,35990
2019-02-15T10:02:43.000Z,54.9,25.172167,0,35990
2019-02-15T10:03:01.000Z,54.9,25.1735,0,35980
2019-02-15T10:03:07.000Z,54.9,25.173833,0,35980
2019-02-15T10:03:13.000Z,54.9,25.174333,0,35990
2019-02-15T10:03:26.000Z,54.9,25.175333,0,35990
2019-02-15T10:03:31.000Z,54.9,25.175667,0,35990
2019-02-15T10:03:38.000Z,54.9,25.176167,0,35990
2019-02-15T10:03:43.000Z,54.9,25.1765,0,35990
2019-02-15T10:04:01.000Z,54.9,25.177833,0,35990
2019-02-15T10:04:07.000Z,54.9,25.177833,29,35990
2019-02-15T10:04:26.000Z,54.899833,25.179667,0,35990
2019-02-15T10:04:38.000Z,54.899833,25.180667,0,30
2019-02-15T10:05:49.000Z,54.899833,25.186,0,10
2019-02-15T10:07:37.000Z,54.899667,25.194333,0,10
2019-02-15T10:09:37.000Z,54.899667,25.203667000000006,0,30
2019-02-15T10:09:49.000Z,54.899667,25.204667,0,10
2019-02-15T10:10:01.000Z,54.899667,25.205667,0,30
2019-02-15T10:10:07.000Z,54.899667,25.206167,0,40
2019-02-15T10:10:20.000Z,54.899667,25.207,0,10
2019-02-15T10:10:32.000Z,54.899667,25.208,0,10
2019-02-15T10:10:43.000Z,54.899667,25.209,0,40
2019-02-15T10:10:49.000Z,54.899667,25.209333,0,40
2019-02-15T10:11:01.000Z,54.899667,25.210333,0,40
2019-02-15T10:11:14.000Z,54.899667,25.211333,0,40
2019-02-15T10:11:19.000Z,54.899667,25.211667,0,40
2019-02-15T10:11:26.000Z,54.899667,25.212333,0,50
2019-02-15T10:11:32.000Z,54.899667,25.212833,0,50
2019-02-15T10:11:37.000Z,54.89964200000001,25.213225,0,50
2019-02-15T10:11:43.000Z,54.899667,25.213667,0,50
2019-02-15T10:11:49.000Z,54.899667,25.214167,0,40
2019-02-15T10:11:55.000Z,54.899667,25.2145,0,50
2019-02-15T10:12:01.000Z,54.899667,25.215,0,50
2019-02-15T10:12:15.000Z,54.899667,25.216,0,20
2019-02-15T10:12:27.000Z,54.89964499999999,25.217002,0,50
2019-02-15T10:12:38.000Z,54.899667,25.217833,0,10
2019-02-15T10:12:49.000Z,54.899667,25.218833,0,10
2019-02-15T10:12:55.000Z,54.899667,25.219333,0,40
2019-02-15T10:13:01.000Z,54.899667,25.219833,0,50
2019-02-15T10:13:13.000Z,54.899667,25.220667,0,50
2019-02-15T10:13:19.000Z,54.899667,25.221167,0,40
2019-02-15T10:13:25.000Z,54.899667,25.221667,0,50
2019-02-15T10:13:32.000Z,54.899667,25.222167,0,50
2019-02-15T10:13:37.000Z,54.899662,25.222683,0,40
2019-02-15T10:13:43.000Z,54.899667,25.223000000000006,0,40
2019-02-15T10:13:49.000Z,54.899667,25.2235,0,80
2019-02-15T10:14:00.000Z,54.899667,25.2235,31,80
2019-02-15T10:14:07.000Z,54.899667,25.225,0,70
2019-02-15T10:14:13.000Z,54.899667,25.2255,0,70
2019-02-15T10:14:37.000Z,54.899667,25.227333,0,70
2019-02-15T10:14:43.000Z,54.899667,25.227833,0,70
2019-02-15T10:14:49.000Z,54.899667,25.228333,0,70
2019-02-15T10:14:55.000Z,54.899667,25.228833,0,30
2019-02-15T10:15:07.000Z,54.899667,25.229667000000006,0,30
2019-02-15T10:15:13.000Z,54.899667,25.230167,0,30
2019-02-15T10:15:43.000Z,54.899667,25.232667000000006,0,20
2019-02-15T10:16:01.000Z,54.899667,25.234,0,30
2019-02-15T10:16:07.000Z,54.899667,25.2345,0,30
2019-02-15T10:16:13.000Z,54.899667,25.235,0,30
2019-02-15T10:16:25.000Z,54.899667,25.2355,0,30
2019-02-15T10:16:43.000Z,54.899667,25.237333,0,30
2019-02-15T10:16:49.000Z,54.899703,25.237873,0,30
2019-02-15T10:17:25.000Z,54.899667,25.240333,31,50
2019-02-15T10:17:49.000Z,54.899717,25.24269,0,60
2019-02-15T10:18:01.000Z,54.899667,25.243667,0,60
2019-02-15T10:18:11.000Z,54.899667,25.244167,0,60
2019-02-15T10:18:38.000Z,54.899667,25.246667,0,60
2019-02-15T10:19:31.000Z,54.899833,25.251,0,60
2019-02-15T10:20:25.000Z,54.899833,25.254833,32,50
2019-02-15T10:20:49.000Z,54.899782,25.257237,0,100
2019-02-15T10:21:31.000Z,54.9,25.260667,0,330
2019-02-15T10:22:02.000Z,54.9,25.262667,0,320
2019-02-15T10:22:20.000Z,54.900167,25.264667000000006,0,370
2019-02-15T10:22:49.000Z,54.900333,25.267,0,480
2019-02-15T10:23:01.000Z,54.900333,25.267833,0,580
2019-02-15T10:23:07.000Z,54.900333,25.267833,32,580
2019-02-15T10:23:13.000Z,54.9005,25.268833,0,680
2019-02-15T10:23:21.000Z,54.90066700000001,25.2695,0,750
2019-02-15T10:23:25.000Z,54.90066700000001,25.269833,0,760
2019-02-15T10:23:29.000Z,54.90066700000001,25.270167,0,770
2019-02-15T10:23:33.000Z,54.90066700000001,25.2705,0,850
2019-02-15T10:23:35.000Z,54.900833,25.270667,0,870
2019-02-15T10:23:39.000Z,54.900833,25.271,0,910
2019-02-15T10:23:45.000Z,54.900833,25.271333,0,980
2019-02-15T10:23:57.000Z,54.901,25.272333,0,1070
2019-02-15T10:24:01.000Z,54.901167,25.272667,0,1120
2019-02-15T10:24:08.000Z,54.901333,25.273167,0,1250
2019-02-15T10:24:11.000Z,54.901333,25.2735,0,1310
2019-02-15T10:24:31.000Z,54.901833,25.275,0,1510
2019-02-15T10:24:37.000Z,54.901833,25.2755,0,1520
2019-02-15T10:24:43.000Z,54.902,25.276,0,1560
2019-02-15T10:24:49.000Z,54.90216700000001,25.276333,0,1580
2019-02-15T10:25:08.000Z,54.902667,25.277833,0,1670
2019-02-15T10:25:13.000Z,54.902833,25.278167,0,1720
2019-02-15T10:25:20.000Z,54.902833,25.278667,0,1770
2019-02-15T10:25:25.000Z,54.903,25.279167,0,1810
2019-02-15T10:25:43.000Z,54.9035,25.2805,0,1810
2019-02-15T10:25:49.000Z,54.90366700000001,25.281,0,1840
2019-02-15T10:25:55.000Z,54.903833,25.2815,0,1840
2019-02-15T10:26:06.000Z,54.904,25.281833,0,1860
2019-02-15T10:26:20.000Z,54.9045,25.283333,0,1900
2019-02-15T10:26:25.000Z,54.904707,25.283738,0,1860
2019-02-15T10:26:32.000Z,54.904833,25.284333,0,1930
2019-02-15T10:26:43.000Z,54.90516700000001,25.285167,0,1980
2019-02-15T10:27:04.000Z,54.905833,25.2865,0,2150
2019-02-15T10:27:26.000Z,54.90656800000001,25.288262,0,2290
2019-02-15T10:27:38.000Z,54.907,25.289167000000006,0,2360
2019-02-15T10:27:49.000Z,54.907333,25.29,0,2350
2019-02-15T10:28:01.000Z,54.90785500000001,25.291012,0,2370
2019-02-15T10:28:13.000Z,54.90816700000001,25.291833,0,2370
2019-02-15T10:28:43.000Z,54.909333,25.294,0,2380
2019-02-15T10:28:49.000Z,54.909517,25.294587,0,2440
2019-02-15T10:29:08.000Z,54.910167,25.295833,0,2620
2019-02-15T10:29:24.000Z,54.910667,25.296667000000006,32,2640
2019-02-15T10:29:49.000Z,54.911833,25.298833,0,2670
2019-02-15T10:30:01.000Z,54.912333,25.299833,0,2660
2019-02-15T10:30:19.000Z,54.913,25.301,0,2660
2019-02-15T10:30:43.000Z,54.913833,25.302833,0,2650
2019-02-15T10:30:49.000Z,54.914175,25.303322,0,2650
2019-02-15T10:31:13.000Z,54.915,25.305,0,2650
2019-02-15T10:31:25.000Z,54.915333,25.3055,0,2650
2019-02-15T10:32:01.000Z,54.917,25.3085,0,2640
2019-02-15T10:32:31.000Z,54.91788,25.310255,32,2640
2019-02-15T10:32:49.000Z,54.91885500000001,25.31208,0,2650
2019-02-15T10:33:38.000Z,54.920667,25.315667,0,2450
2019-02-15T10:33:43.000Z,54.920833,25.316,0,2390
2019-02-15T10:34:06.000Z,54.9215,25.317333,0,2310
2019-02-15T10:34:31.000Z,54.9225,25.3195,0,2260
2019-02-15T10:35:06.000Z,54.9235,25.321833,0,2240
2019-02-15T10:35:25.000Z,54.924328,25.32369,0,2280
2019-02-15T10:36:13.000Z,54.925667,25.326833,0,2260
2019-02-15T10:36:31.000Z,54.9265,25.3285,0,2250
2019-02-15T10:36:44.000Z,54.927,25.3295,0,2250
2019-02-15T10:36:56.000Z,54.927333,25.3305,0,2250
2019-02-15T10:37:13.000Z,54.92783299999999,25.331333,32,2250
2019-02-15T10:37:37.000Z,54.928725,25.333523,0,2250
2019-02-15T10:38:02.000Z,54.9295,25.335333,0,2250
2019-02-15T10:38:13.000Z,54.93,25.336167,0,2250
2019-02-15T10:39:31.000Z,54.9325,25.342,0,2240
2019-02-15T10:39:37.000Z,54.932667,25.3425,0,2240
2019-02-15T10:40:20.000Z,54.934,25.3455,0,2250
2019-02-15T10:40:26.000Z,54.934333,25.346,0,2250
2019-02-15T10:40:37.000Z,54.93466700000001,25.346833,0,2250
2019-02-15T10:41:02.000Z,54.9355,25.348667000000006,0,2250
2019-02-15T10:41:36.000Z,54.9365,25.350833,31,2260
2019-02-15T10:42:26.000Z,54.93816700000001,25.354667000000006,0,2360
2019-02-15T10:42:40.000Z,54.9385,25.3555,0,2360
2019-02-15T10:42:54.000Z,54.93899999999999,25.356333,0,2360
2019-02-15T10:43:31.000Z,54.940333,25.359333,0,2400
2019-02-15T10:43:43.000Z,54.940797,25.36022,0,2400
2019-02-15T10:44:01.000Z,54.94116700000001,25.361,0,2390
2019-02-15T10:44:37.000Z,54.9425,25.363833,0,2380
2019-02-15T10:45:02.000Z,54.943107,25.365132,0,2430
2019-02-15T10:45:07.000Z,54.943107,25.365132,29,2430
2019-02-15T10:46:06.000Z,54.945333,25.3695,0,2500
2019-02-15T10:46:30.000Z,54.946167,25.371167,0,2490
2019-02-15T10:47:11.000Z,54.9475,25.374,0,2490
2019-02-15T10:48:12.000Z,54.9495,25.378,0,2490
2019-02-15T10:49:14.000Z,54.95142,25.381902,28,2570
2019-02-15T10:50:16.000Z,54.953667,25.386167,0,2610
2019-02-15T10:50:23.000Z,54.953833,25.3865,0,2610
2019-02-15T10:52:01.000Z,54.956997,25.392665,0,2610
2019-02-15T10:53:07.000Z,54.959167,25.396833,28,2600
2019-02-15T10:54:12.000Z,54.9614,25.40118,0,2590
2019-02-15T10:55:12.000Z,54.963373,25.405017,0,2590
2019-02-15T10:55:13.000Z,54.963373,25.405017,27,2590
2019-02-15T10:57:24.000Z,54.96766700000001,25.4135,0,2600
2019-02-15T10:57:37.000Z,54.968268,25.414638,0,2570
2019-02-15T10:58:43.000Z,54.970182,25.41849,0,2530
2019-02-15T10:59:43.000Z,54.97208000000001,25.422353,28,2620
2019-02-15T11:00:48.000Z,54.974333,25.4265,0,2870
2019-02-15T11:01:37.000Z,54.97642,25.429845,0,2930
2019-02-15T11:02:02.000Z,54.977298,25.431332,0,2930
2019-02-15T11:02:07.000Z,54.9775,25.431667,0,2930
2019-02-15T11:02:30.000Z,54.978167000000006,25.432833,0,2930
2019-02-15T11:02:38.000Z,54.97861700000001,25.433575,0,2930
2019-02-15T11:03:13.000Z,54.979667000000006,25.435333,28,2890
2019-02-15T11:04:02.000Z,54.981667,25.438833,0,2900
2019-02-15T11:04:07.000Z,54.981833,25.439167,0,2890
2019-02-15T11:04:25.000Z,54.9825,25.440333,0,2900
2019-02-15T11:04:49.000Z,54.9835,25.441833,0,2890
2019-02-15T11:05:02.000Z,54.98390300000001,25.442562,0,2890
2019-02-15T11:05:30.000Z,54.984833,25.444000000000006,0,2890
2019-02-15T11:06:19.000Z,54.986667,25.447333,0,2900
2019-02-15T11:06:30.000Z,54.987,25.447667000000006,28,2940
2019-02-15T11:07:07.000Z,54.9885,25.450333,0,2930
2019-02-15T11:08:00.000Z,54.99033299999999,25.453333,0,2940
2019-02-15T11:08:49.000Z,54.992333,25.456667000000003,0,2930
2019-02-15T11:08:55.000Z,54.9925,25.457167,0,2890
2019-02-15T11:09:02.000Z,54.992757,25.457548000000006,0,2930
2019-02-15T11:09:07.000Z,54.992942000000006,25.457862,0,2890
2019-02-15T11:09:37.000Z,54.994,25.459667,0,2930
2019-02-15T11:10:08.000Z,54.995,25.461333,28,2940
2019-02-15T11:10:19.000Z,54.99566700000001,25.462333,0,2940
2019-02-15T11:10:43.000Z,54.9965,25.463833,0,2970
2019-02-15T11:10:56.000Z,54.997,25.464667,0,2970
2019-02-15T11:11:02.000Z,54.99716700000001,25.465,0,2970
2019-02-15T11:11:43.000Z,54.998833,25.467667,0,2970
2019-02-15T11:12:07.000Z,54.999643000000006,25.469102,0,2970
2019-02-15T11:12:25.000Z,55.00016700000001,25.469833,0,2970
2019-02-15T11:13:31.000Z,55.0025,25.474,0,2930
2019-02-15T11:15:07.000Z,55.00616700000001,25.48,28,2960
2019-02-15T11:16:30.000Z,55.00916700000001,25.485167,0,2970
2019-02-15T11:16:43.000Z,55.01,25.486333,0,2940
2019-02-15T11:17:48.000Z,55.01216700000001,25.49,28,2960
2019-02-15T11:18:08.000Z,55.01283299999999,25.491333,0,2960
2019-02-15T11:18:43.000Z,55.01433299999999,25.493833,0,2920
2019-02-15T11:19:31.000Z,55.016167,25.496833,0,2930
2019-02-15T11:20:49.000Z,55.018833,25.501333,0,2940
2019-02-15T11:21:30.000Z,55.0205,25.504,28,2940
2019-02-15T11:21:46.000Z,55.02116700000001,25.505,0,2940
2019-02-15T11:23:37.000Z,55.0255,25.512167,28,3020
2019-02-15T11:28:31.000Z,55.036667,25.530333,0,3190
2019-02-15T11:28:55.000Z,55.037667000000006,25.531667,0,3350
2019-02-15T11:29:37.000Z,55.039667,25.534167,0,3650
2019-02-15T11:29:49.000Z,55.040167,25.534833,0,3700
2019-02-15T11:30:19.000Z,55.0415,25.5365,0,3830
2019-02-15T11:30:25.000Z,55.041888,25.536932,0,3870
2019-02-15T11:30:42.000Z,55.0425,25.5375,28,3980
2019-02-15T11:32:14.000Z,55.047333,25.542833,0,4140
2019-02-15T11:33:01.000Z,55.0495,25.545,0,4140
2019-02-15T11:34:14.000Z,55.0535,25.549333,0,4180
2019-02-15T11:34:37.000Z,55.054667,25.5505,28,4260
2019-02-15T11:37:53.000Z,55.065167,25.560333,0,4470
2019-02-15T11:40:31.000Z,55.074107,25.568737,28,4420
2019-02-15T11:43:01.000Z,55.082333,25.576333,28,4460
2019-02-15T11:46:48.000Z,55.094667,25.587667,0,4500
2019-02-15T11:48:50.000Z,55.101667000000006,25.594167,0,4500
2019-02-15T11:49:01.000Z,55.102167,25.594667,0,4500
2019-02-15T11:49:08.000Z,55.102633,25.595067,0,4460
2019-02-15T11:49:13.000Z,55.102833,25.595333,0,4460
2019-02-15T11:49:25.000Z,55.1035,25.596,28,4460
2019-02-15T11:50:37.000Z,55.107667000000006,25.599667,0,4500
2019-02-15T11:50:50.000Z,55.108333,25.600333,0,4500
2019-02-15T11:51:07.000Z,55.109265,25.601108,0,4530
2019-02-15T11:51:13.000Z,55.109667,25.601333,0,4530
2019-02-15T11:51:37.000Z,55.111,25.602667,0,4530
2019-02-15T11:52:43.000Z,55.114667,25.606,0,4560
2019-02-15T11:53:19.000Z,55.11666700000001,25.607833,0,4560
2019-02-15T11:53:25.000Z,55.117,25.608167,0,4530
2019-02-15T11:53:29.000Z,55.117,25.608167,28,4530
2019-02-15T11:55:50.000Z,55.125,25.615333,0,4560
2019-02-15T11:56:07.000Z,55.12600000000001,25.616333,0,4550
2019-02-15T11:56:25.000Z,55.127,25.617167,0,4550
2019-02-15T11:57:01.000Z,55.129,25.619,0,4590
2019-02-15T11:57:19.000Z,55.13,25.619833,0,4590
2019-02-15T11:58:01.000Z,55.132333,25.622,0,4590
2019-02-15T11:58:25.000Z,55.133667,25.623167,0,4540
2019-02-15T11:58:43.000Z,55.13466700000001,25.624167,0,4540
2019-02-15T11:58:50.000Z,55.135167,25.6245,0,4540
2019-02-15T11:59:01.000Z,55.13566700000001,25.625,0,4550
2019-02-15T11:59:43.000Z,55.13800000000001,25.627167,0,4570
2019-02-15T11:59:49.000Z,55.138333,25.6275,0,4580
2019-02-15T12:00:07.000Z,55.1395,25.628333,0,4580
2019-02-15T12:00:20.000Z,55.14016700000001,25.629,0,4590
2019-02-15T12:00:37.000Z,55.141167,25.629833,0,4620
2019-02-15T12:00:55.000Z,55.14216700000001,25.630667000000006,0,4610
2019-02-15T12:01:02.000Z,55.1425,25.631,0,4600
2019-02-15T12:01:43.000Z,55.144833,25.633167,0,4620
2019-02-15T12:01:49.000Z,55.145167,25.6335,0,4620
2019-02-15T12:02:07.000Z,55.14616700000001,25.634333,0,4580
2019-02-15T12:02:31.000Z,55.1475,25.6355,0,4620
2019-02-15T12:02:37.000Z,55.147833,25.635833,0,4590
2019-02-15T12:02:43.000Z,55.148167,25.636167,0,4580
2019-02-15T12:02:49.000Z,55.1485,25.6365,0,4590
2019-02-15T12:03:02.000Z,55.14916700000001,25.637167,0,4590
2019-02-15T12:03:37.000Z,55.151167,25.638833,0,4560
2019-02-15T12:04:02.000Z,55.1525,25.640167,0,4530
2019-02-15T12:04:07.000Z,55.152833,25.640333,0,4530
2019-02-15T12:04:25.000Z,55.153833,25.641333,0,4530
2019-02-15T12:04:43.000Z,55.154863,25.642188,0,4520
2019-02-15T12:04:49.000Z,55.15516700000001,25.6425,0,4560
2019-02-15T12:04:55.000Z,55.1555,25.642833,0,4520
2019-02-15T12:05:02.000Z,55.15600000000001,25.643167,0,4520
2019-02-15T12:05:13.000Z,55.1565,25.643667,0,4520
2019-02-15T12:05:37.000Z,55.157833,25.644833,0,4560
2019-02-15T12:05:43.000Z,55.158225,25.645212,0,4560
2019-02-15T12:05:49.000Z,55.1585,25.6455,0,4560
2019-02-15T12:05:55.000Z,55.158833,25.645833,0,4560
2019-02-15T12:06:02.000Z,55.159333,25.646167,0,4560
2019-02-15T12:06:07.000Z,55.1595,25.6465,0,4560
2019-02-15T12:06:13.000Z,55.159833,25.646667,0,4560
2019-02-15T12:06:19.000Z,55.160167,25.647,0,4560
2019-02-15T12:06:37.000Z,55.161333,25.648000000000003,0,4600
2019-02-15T12:06:43.000Z,55.16159200000001,25.648238,0,4600
2019-02-15T12:06:49.000Z,55.162,25.6485,0,4600
2019-02-15T12:07:02.000Z,55.162667000000006,25.649167,0,4600
2019-02-15T12:07:13.000Z,55.163333,25.649833,0,4600
2019-02-15T12:07:19.000Z,55.163667,25.65,0,4600
2019-02-15T12:07:31.000Z,55.164333,25.650667,0,4560
2019-02-15T12:07:38.000Z,55.164667,25.651,0,4560
2019-02-15T12:07:43.000Z,55.164962,25.651268,0,4560
2019-02-15T12:07:55.000Z,55.165667000000006,25.651833,0,4560
2019-02-15T12:08:07.000Z,55.166333,25.6525,0,4520
2019-02-15T12:08:19.000Z,55.167,25.653167,0,4530
2019-02-15T12:08:43.000Z,55.16834,25.65431,0,4530
2019-02-15T12:09:13.000Z,55.17,25.655833,0,4540
2019-02-15T12:09:19.000Z,55.17033299999999,25.656167,0,4540
2019-02-15T12:09:38.000Z,55.1715,25.657167,0,4530
2019-02-15T12:09:55.000Z,55.172333,25.658,0,4540
2019-02-15T12:10:01.000Z,55.172667,25.658333,0,4540
2019-02-15T12:10:07.000Z,55.173,25.6585,0,4530
2019-02-15T12:10:25.000Z,55.174167,25.6595,0,4530
2019-02-15T12:10:56.000Z,55.175833,25.661,0,4580
2019-02-15T12:11:01.000Z,55.17616700000001,25.661333,0,4570
2019-02-15T12:11:07.000Z,55.1765,25.661667,0,4570
2019-02-15T12:11:13.000Z,55.176833,25.661833,0,4570
2019-02-15T12:11:19.000Z,55.177167,25.662167,0,4570
2019-02-15T12:11:31.000Z,55.17783299999999,25.662833,0,4570
2019-02-15T12:11:38.000Z,55.178167,25.663167,0,4570
2019-02-15T12:11:49.000Z,55.178803,25.663725,0,4570
2019-02-15T12:11:56.000Z,55.17916700000001,25.664167000000006,0,4570
2019-02-15T12:12:07.000Z,55.179833,25.664667,0,4570
2019-02-15T12:12:13.000Z,55.180167,25.665,0,4570
2019-02-15T12:12:19.000Z,55.1805,25.665167,0,4570
2019-02-15T12:12:25.000Z,55.1805,25.665167,28,4570
2019-02-15T12:12:38.000Z,55.1815,25.666167,0,4570
2019-02-15T12:12:43.000Z,55.181833,25.6665,0,4570
2019-02-15T12:12:49.000Z,55.182175,25.66676,0,4570
2019-02-15T12:12:56.000Z,55.1825,25.667167000000006,0,4570
2019-02-15T12:13:01.000Z,55.182833,25.667333,0,4570
2019-02-15T12:13:07.000Z,55.18316700000001,25.667667,0,4570
2019-02-15T12:13:13.000Z,55.1835,25.668000000000006,0,4570
2019-02-15T12:13:25.000Z,55.184167,25.668667000000006,0,4570
2019-02-15T12:13:31.000Z,55.1845,25.668833,0,4570
2019-02-15T12:13:44.000Z,55.18516700000001,25.6695,0,4570
2019-02-15T12:13:49.000Z,55.185537,25.669795,0,4570
2019-02-15T12:13:56.000Z,55.18600000000001,25.670167000000006,0,4600
2019-02-15T12:14:01.000Z,55.18616700000001,25.670333,0,4600
2019-02-15T12:14:13.000Z,55.18683299999999,25.671,0,4600
2019-02-15T12:14:19.000Z,55.187167,25.671333,0,4600
2019-02-15T12:14:25.000Z,55.1875,25.671667000000006,0,4610
2019-02-15T12:14:31.000Z,55.187833,25.672,0,4610
2019-02-15T12:14:38.000Z,55.18833299999999,25.672333,0,4570
2019-02-15T12:14:43.000Z,55.1885,25.6725,0,4610
2019-02-15T12:14:56.000Z,55.189333,25.673167000000007,0,4610
2019-02-15T12:15:02.000Z,55.18966700000001,25.6735,0,4610
2019-02-15T12:15:13.000Z,55.190167,25.674,0,4620
2019-02-15T12:15:20.000Z,55.19066700000001,25.6745,0,4620
2019-02-15T12:15:25.000Z,55.190833,25.674667000000003,0,4650
2019-02-15T12:15:33.000Z,55.19133299999999,25.675167,0,4670
2019-02-15T12:15:37.000Z,55.1915,25.675333,0,4590
2019-02-15T12:15:41.000Z,55.191833,25.6755,0,4530
2019-02-15T12:15:45.000Z,55.192,25.675667,0,4590
2019-02-15T12:15:47.000Z,55.19216700000001,25.675833,0,4640
2019-02-15T12:15:53.000Z,55.1925,25.676167,0,4700
2019-02-15T12:15:57.000Z,55.19266700000001,25.676333,0,4750
2019-02-15T12:16:02.000Z,55.19300000000001,25.6765,0,4800
2019-02-15T12:16:25.000Z,55.19433299999999,25.6775,0,5120
2019-02-15T12:16:37.000Z,55.19516700000001,25.678167,0,5190
2019-02-15T12:17:02.000Z,55.19666700000001,25.679167,0,5260
2019-02-15T12:17:13.000Z,55.19733299999999,25.679667,0,5260
2019-02-15T12:17:25.000Z,55.19816700000001,25.680167,0,5300
2019-02-15T12:17:31.000Z,55.1985,25.6805,0,5300
2019-02-15T12:18:25.000Z,55.20183299999999,25.682833,0,5270
2019-02-15T12:18:37.000Z,55.20266700000001,25.683333,0,5270
2019-02-15T12:18:55.000Z,55.20381500000001,25.684142,0,5310
2019-02-15T12:19:02.000Z,55.20416700000001,25.684333,28,5310
2019-02-15T12:20:14.000Z,55.20866700000001,25.6875,0,5340
2019-02-15T12:20:37.000Z,55.21016700000001,25.6885,0,5320
2019-02-15T12:21:07.000Z,55.212,25.689833,0,5320
2019-02-15T12:21:44.000Z,55.214333,25.6915,0,5280
2019-02-15T12:22:20.000Z,55.216667,25.693,0,5310
2019-02-15T12:22:25.000Z,55.217022,25.69323,0,5310
2019-02-15T12:22:31.000Z,55.217333,25.6935,0,5310
2019-02-15T12:23:14.000Z,55.22,25.695333,0,5310
2019-02-15T12:23:25.000Z,55.22066700000001,25.695833,0,5310
2019-02-15T12:24:01.000Z,55.22299,25.697335,0,5320
2019-02-15T12:24:07.000Z,55.223333,25.697667000000006,0,5310
2019-02-15T12:24:19.000Z,55.224167,25.698167,0,5320
2019-02-15T12:24:31.000Z,55.224833,25.698667,0,5330
2019-02-15T12:24:50.000Z,55.226000000000006,25.6995,0,5330
2019-02-15T12:25:01.000Z,55.226773,25.699908,0,5360
2019-02-15T12:25:11.000Z,55.227167,25.700167,28,5330
2019-02-15T12:26:27.000Z,55.232,25.7035,0,5330
2019-02-15T12:26:50.000Z,55.233667,25.704667,0,5300
2019-02-15T12:27:01.000Z,55.234337,25.70506,0,5300
2019-02-15T12:27:19.000Z,55.2355,25.705833,0,5310
2019-02-15T12:27:25.000Z,55.23583299999999,25.706167,0,5310
2019-02-15T12:27:39.000Z,55.236667,25.706667000000003,0,5300
2019-02-15T12:28:19.000Z,55.239167,25.7085,0,5310
2019-02-15T12:28:25.000Z,55.239667,25.708667,0,5340
2019-02-15T12:28:43.000Z,55.240667,25.7095,0,5330
2019-02-15T12:29:07.000Z,55.242333,25.7105,0,5320
2019-02-15T12:30:07.000Z,55.246,25.713167,0,5300
2019-02-15T12:30:19.000Z,55.246667,25.713667,0,5310
2019-02-15T12:31:01.000Z,55.24933299999999,25.7155,0,5290
2019-02-15T12:31:07.000Z,55.249687,25.715688,0,5290
2019-02-15T12:31:50.000Z,55.25233299999999,25.7175,0,5330
2019-02-15T12:32:19.000Z,55.25416800000001,25.718748,0,5370
2019-02-15T12:32:37.000Z,55.25533299999999,25.7195,0,5260
2019-02-15T12:32:43.000Z,55.255667,25.719833,27,5260
2019-02-15T12:34:43.000Z,55.26283299999999,25.725167000000006,0,5180
2019-02-15T12:34:50.000Z,55.263333,25.725333,0,5150
2019-02-15T12:35:25.000Z,55.2655,25.727,0,5150
2019-02-15T12:36:37.000Z,55.269833,25.730167,0,5150
2019-02-15T12:37:02.000Z,55.271333,25.731167000000006,0,5180
2019-02-15T12:37:07.000Z,55.271667,25.7315,0,5180
2019-02-15T12:37:14.000Z,55.272,25.731833,0,5180
2019-02-15T12:37:37.000Z,55.2735,25.732833,0,5170
2019-02-15T12:37:49.000Z,55.273833,25.733,0,5170
2019-02-15T12:38:37.000Z,55.27716700000001,25.735333,27,5250
2019-02-15T12:57:23.000Z,55.345167,25.785,27,5170
2019-02-15T13:03:13.000Z,55.36600000000001,25.800833,27,4990
2019-02-15T13:16:23.000Z,55.412235,25.837392,27,5010
2019-02-15T13:29:02.000Z,55.456333,25.872,27,5040
2019-02-15T13:35:35.000Z,55.479402,25.889937,27,5030
2019-02-15T13:54:12.000Z,55.54546,25.93824,27,5390
2019-02-15T14:12:57.000Z,55.61349300000001,25.984827,0,5360
2019-02-15T14:19:43.000Z,55.637333,26.001333,27,5310
2019-02-15T14:44:02.000Z,55.722167000000006,26.062667,0,5190
2019-02-15T14:44:48.000Z,55.72450500000001,26.064467,26,5150
2019-02-15T14:46:25.000Z,55.730333,26.068833,26,5160
2019-02-15T14:50:26.000Z,55.744167,26.079,26,5190
2019-02-15T14:54:26.000Z,55.757833,26.089167,26,4970
2019-02-15T14:58:07.000Z,55.770167,26.099,0,4930
2019-02-15T14:58:50.000Z,55.7725,26.100833,26,4900
2019-02-15T15:00:37.000Z,55.7785,26.105667,0,4910
2019-02-15T15:01:14.000Z,55.7805,26.107333,0,4940
2019-02-15T15:02:01.000Z,55.78316700000001,26.1095,0,4940
2019-02-15T15:03:14.000Z,55.787167,26.112667,26,4890
2019-02-15T15:06:14.000Z,55.797,26.120667,26,4930
2019-02-15T15:08:49.000Z,55.80566700000001,26.1275,0,4880
2019-02-15T15:09:13.000Z,55.807,26.128667,0,4870
2019-02-15T15:09:49.000Z,55.809,26.130167,0,4880
2019-02-15T15:10:01.000Z,55.80966700000001,26.130833,0,4890
2019-02-15T15:10:08.000Z,55.81,26.131,0,4890
2019-02-15T15:10:26.000Z,55.81100000000001,26.131833,0,4900
2019-02-15T15:10:54.000Z,55.812333,26.132833,26,4910
2019-02-15T15:11:13.000Z,55.813667,26.134,0,4950
2019-02-15T15:11:26.000Z,55.814333,26.1345,0,4940
2019-02-15T15:11:40.000Z,55.815,26.135,0,4890
2019-02-15T15:11:50.000Z,55.81566700000001,26.1355,0,4920
2019-02-15T15:12:13.000Z,55.816903,26.13659,0,4920
2019-02-15T15:12:26.000Z,55.817618,26.137165,0,4930
2019-02-15T15:12:38.000Z,55.818333,26.137667,0,4930
2019-02-15T15:12:44.000Z,55.81866700000001,26.138,0,4930
2019-02-15T15:12:50.000Z,55.818833,26.138167000000006,0,4930
2019-02-15T15:13:01.000Z,55.819545,26.138708,0,4930
2019-02-15T15:13:08.000Z,55.82,26.139,0,4930
2019-02-15T15:13:13.000Z,55.82016700000001,26.139167,0,4960
2019-02-15T15:13:26.000Z,55.82100000000001,26.139833,0,4920
2019-02-15T15:13:44.000Z,55.822,26.140667,0,4920
2019-02-15T15:13:50.000Z,55.82216700000001,26.140833,0,4920
2019-02-15T15:14:08.000Z,55.82316700000001,26.141667,0,4920
2019-02-15T15:14:13.000Z,55.82350699999999,26.14189,0,4920
2019-02-15T15:14:26.000Z,55.824167,26.1425,0,4920
2019-02-15T15:14:38.000Z,55.824833,26.143,0,4920
2019-02-15T15:15:08.000Z,55.8265,26.144333,0,4890
2019-02-15T15:15:13.000Z,55.82683299999999,26.1445,0,4920
2019-02-15T15:15:38.000Z,55.82816700000001,26.145667,0,4880
2019-02-15T15:15:50.000Z,55.828833,26.146167,0,4890
2019-02-15T15:16:01.000Z,55.829438,26.146678,0,4890
2019-02-15T15:16:20.000Z,55.8305,26.1475,0,4890
2019-02-15T15:16:25.000Z,55.830833,26.147833,0,4890
2019-02-15T15:16:38.000Z,55.8315,26.148333,0,4890
2019-02-15T15:16:50.000Z,55.832,26.148833,0,4930
2019-02-15T15:17:01.000Z,55.832733,26.149348,0,4890
2019-02-15T15:17:13.000Z,55.833333,26.149833,0,4890
2019-02-15T15:17:26.000Z,55.834,26.150333,0,4890
2019-02-15T15:17:38.000Z,55.834667,26.151,0,4920
2019-02-15T15:18:01.000Z,55.83600000000001,26.152,0,4880
2019-02-15T15:18:07.000Z,55.836333,26.152333,0,4920
2019-02-15T15:18:38.000Z,55.838062,26.153627,0,4800
2019-02-15T15:19:38.000Z,55.841345,26.156313,0,4780
2019-02-15T15:20:26.000Z,55.843975,26.158482,0,4770
2019-02-15T15:20:37.000Z,55.844635,26.159007,0,4780
2019-02-15T15:20:56.000Z,55.845607,26.159793,0,4770
2019-02-15T15:21:01.000Z,55.845875,26.160018,26,4780
2019-02-15T15:24:26.000Z,55.857167,26.169167,0,4900
2019-02-15T15:24:50.000Z,55.858333,26.170333,26,4890
2019-02-15T15:30:26.000Z,55.876833,26.185167,0,4970
2019-02-15T15:30:37.000Z,55.8775,26.185667,0,4920
2019-02-15T15:31:01.000Z,55.87883299999999,26.186833,0,4920
2019-02-15T15:31:08.000Z,55.879167,26.187167,0,4920
2019-02-15T15:31:26.000Z,55.88016700000001,26.187833,0,4910
2019-02-15T15:31:37.000Z,55.880833,26.188333,0,4920
2019-02-15T15:31:50.000Z,55.8815,26.189,0,4920
2019-02-15T15:32:14.000Z,55.882855000000006,26.190023,0,4920
2019-02-15T15:32:19.000Z,55.883132,26.190245,0,4920
2019-02-15T15:32:26.000Z,55.8835,26.1905,0,4930
2019-02-15T15:32:37.000Z,55.88416700000001,26.191,0,4960
2019-02-15T15:32:50.000Z,55.88483299999999,26.191667,0,4960
2019-02-15T15:33:01.000Z,55.8855,26.192167,0,4950
2019-02-15T15:33:14.000Z,55.88616999999999,26.192695,0,4920
2019-02-15T15:33:19.000Z,55.8865,26.193,0,4930
2019-02-15T15:33:26.000Z,55.886833,26.193167000000006,0,4930
2019-02-15T15:33:31.000Z,55.88716700000001,26.1935,0,4940
2019-02-15T15:33:37.000Z,55.8875,26.193667,0,4980
2019-02-15T15:33:43.000Z,55.88783299999999,26.194000000000006,0,4980
2019-02-15T15:33:50.000Z,55.888167,26.194333,0,4970
2019-02-15T15:33:56.000Z,55.8885,26.1945,0,4980
2019-02-15T15:34:02.000Z,55.888827,26.194828,0,4980
2019-02-15T15:34:08.000Z,55.88916,26.195095,0,4940
2019-02-15T15:34:26.000Z,55.89016700000001,26.195833,0,4970
2019-02-15T15:34:31.000Z,55.890438,26.196115,0,4970
2019-02-15T15:34:37.000Z,55.89083299999999,26.196333,0,4970
2019-02-15T15:34:43.000Z,55.891167,26.196667,0,4970
2019-02-15T15:34:56.000Z,55.891833,26.197167,0,4960
2019-02-15T15:35:01.000Z,55.89216700000001,26.1975,0,4960
2019-02-15T15:35:08.000Z,55.8925,26.197833,0,4960
2019-02-15T15:35:14.000Z,55.892822,26.198025,0,4920
2019-02-15T15:35:19.000Z,55.89316700000001,26.198333,0,4920
2019-02-15T15:35:26.000Z,55.8935,26.1985,0,4920
2019-02-15T15:35:31.000Z,55.893833,26.198833,0,4920
2019-02-15T15:35:37.000Z,55.894167,26.199,0,4960
2019-02-15T15:35:43.000Z,55.8945,26.199333,0,4960
2019-02-15T15:35:50.000Z,55.894833,26.199667,0,4960
2019-02-15T15:35:56.000Z,55.895167,26.199833,0,4960
2019-02-15T15:36:02.000Z,55.8955,26.200167,0,4960
2019-02-15T15:36:19.000Z,55.89616700000001,26.200667000000006,26,4960
2019-02-15T15:36:26.000Z,55.896833,26.201167,0,4970
2019-02-15T15:36:31.000Z,55.897167,26.2015,0,4970
2019-02-15T15:36:37.000Z,55.8975,26.201667,0,4970
2019-02-15T15:36:43.000Z,55.897833,26.202,0,4930
2019-02-15T15:36:50.000Z,55.898167,26.202333,0,4930
2019-02-15T15:36:57.000Z,55.8985,26.2025,0,4940
2019-02-15T15:37:05.000Z,55.898833,26.202833,0,4940
2019-02-15T15:37:14.000Z,55.899478,26.20335,0,4940
2019-02-15T15:37:19.000Z,55.899757,26.203570000000006,0,4940
2019-02-15T15:37:26.000Z,55.900148,26.203878,0,4970
2019-02-15T15:37:31.000Z,55.9005,26.204167,0,4970
2019-02-15T15:37:43.000Z,55.901167,26.204667,0,4970
2019-02-15T15:37:50.000Z,55.9015,26.205,0,4960
2019-02-15T15:37:56.000Z,55.901833,26.205167000000007,0,4960
2019-02-15T15:38:02.000Z,55.90216700000001,26.2055,0,4960
2019-02-15T15:38:08.000Z,55.9025,26.205667,0,4960
2019-02-15T15:38:14.000Z,55.902833,26.206,0,4960
2019-02-15T15:38:37.000Z,55.904167,26.207,0,4960
2019-02-15T15:38:43.000Z,55.9045,26.207333,0,4960
2019-02-15T15:38:50.000Z,55.904833,26.207667,0,4960
2019-02-15T15:38:56.000Z,55.90516700000001,26.207833,0,4970
2019-02-15T15:39:02.000Z,55.9055,26.208,0,4970
2019-02-15T15:39:08.000Z,55.905833,26.208333,0,4970
2019-02-15T15:39:14.000Z,55.906167,26.208667,0,4960
2019-02-15T15:39:19.000Z,55.9065,26.208833,0,4960
2019-02-15T15:39:26.000Z,55.906833,26.209167,0,4970
2019-02-15T15:39:32.000Z,55.907167,26.2095,0,4930
2019-02-15T15:39:38.000Z,55.9075,26.209667,0,4970
2019-02-15T15:39:43.000Z,55.907833,26.21,0,4960
2019-02-15T15:39:50.000Z,55.908173,26.210233,0,4920
2019-02-15T15:39:56.000Z,55.9085,26.2105,0,4960
2019-02-15T15:40:02.000Z,55.908833,26.210667,0,4960
2019-02-15T15:40:08.000Z,55.909167,26.211,0,4960
2019-02-15T15:40:19.000Z,55.90979,26.211515,0,4960
2019-02-15T15:40:32.000Z,55.9105,26.212167,0,4970
2019-02-15T15:40:37.000Z,55.910833,26.212333,0,4970
2019-02-15T15:40:43.000Z,55.911167000000006,26.2125,0,4970
2019-02-15T15:40:50.000Z,55.9115,26.212833,0,4990
2019-02-15T15:40:56.000Z,55.911833,26.213167,0,4990
2019-02-15T15:41:02.000Z,55.91219,26.213415,0,4990
2019-02-15T15:41:14.000Z,55.91286,26.213943,0,4990
2019-02-15T15:41:19.000Z,55.913138,26.214165,0,4990
2019-02-15T15:41:37.000Z,55.914167000000006,26.215,0,5000
2019-02-15T15:41:44.000Z,55.9145,26.215167,0,5000
2019-02-15T15:41:56.000Z,55.915167,26.215833,0,4990
2019-02-15T15:42:02.000Z,55.9155,26.216,0,4990
2019-02-15T15:42:14.000Z,55.916167,26.216667,0,4990
2019-02-15T15:42:19.000Z,55.9165,26.216833,0,4990
2019-02-15T15:42:37.000Z,55.9175,26.217667,0,4990
2019-02-15T15:42:50.000Z,55.918167,26.218167,0,4990
2019-02-15T15:43:02.000Z,55.918875,26.21871,0,4990
2019-02-15T15:43:14.000Z,55.9195,26.219167,0,4990
2019-02-15T15:43:25.000Z,55.920167000000006,26.219667,0,4980
2019-02-15T15:43:37.000Z,55.920833,26.220333,0,4980
2019-02-15T15:43:50.000Z,55.92154300000001,26.220825,0,4980
2019-02-15T15:44:25.000Z,55.9235,26.222333000000006,0,4950
2019-02-15T15:44:50.000Z,55.924877,26.223467,0,4960
2019-02-15T15:45:02.000Z,55.9255,26.224,0,4960
2019-02-15T15:45:07.000Z,55.92582700000001,26.224212,0,4970
2019-02-15T15:45:13.000Z,55.92616700000001,26.2245,0,5010
2019-02-15T15:45:20.000Z,55.92655500000001,26.224778000000004,0,5010
2019-02-15T15:45:26.000Z,55.926833,26.225,0,5020
2019-02-15T15:45:33.000Z,55.927167,26.225333000000006,0,5070
2019-02-15T15:45:38.000Z,55.9275,26.2255,0,5000
2019-02-15T15:45:50.000Z,55.928167,26.226,0,5000
2019-02-15T15:46:01.000Z,55.928833,26.2265,0,5100
2019-02-15T15:46:13.000Z,55.9295,26.227,0,5280
2019-02-15T15:46:20.000Z,55.929963,26.227345,0,5360
2019-02-15T15:46:25.000Z,55.930333,26.2275,0,5410
2019-02-15T15:46:31.000Z,55.93066700000001,26.227833,0,5430
2019-02-15T15:46:37.000Z,55.931,26.228,0,5430
2019-02-15T15:46:43.000Z,55.931333,26.228333000000006,0,5490
2019-02-15T15:46:49.000Z,55.931667,26.2285,0,5510
2019-02-15T15:47:01.000Z,55.9325,26.229,0,5570
2019-02-15T15:47:13.000Z,55.93316700000001,26.2295,0,5610
2019-02-15T15:47:25.000Z,55.93383299999999,26.229833000000006,0,5610
2019-02-15T15:47:37.000Z,55.93460500000001,26.230337,0,5600
2019-02-15T15:48:01.000Z,55.93600000000001,26.231333000000006,0,5590
2019-02-15T15:48:57.000Z,55.939333,26.233333,26,5610
2019-02-15T15:50:37.000Z,55.945622,26.237185,0,5610
2019-02-15T15:50:49.000Z,55.946333,26.237667,0,5590
2019-02-15T15:51:01.000Z,55.94716700000001,26.238167,0,5620
2019-02-15T15:51:13.000Z,55.947833,26.2385,0,5620
2019-02-15T15:51:25.000Z,55.94832,26.238827,0,5620
2019-02-15T15:51:37.000Z,55.949313,26.239453,0,5620
2019-02-15T15:51:49.000Z,55.95,26.239833,0,5660
2019-02-15T15:52:01.000Z,55.950833,26.240333000000003,0,5620
2019-02-15T15:52:13.000Z,55.9515,26.240833,0,5620
2019-02-15T15:52:43.000Z,55.953382,26.241945,0,5620
2019-02-15T15:52:50.000Z,55.953833,26.242167,0,5620
2019-02-15T15:53:01.000Z,55.9545,26.242667,0,5660
2019-02-15T15:53:13.000Z,55.955167,26.243,0,5620
2019-02-15T15:53:27.000Z,55.956,26.2435,0,5620
2019-02-15T15:53:55.000Z,55.957833,26.244667,0,5660
2019-02-15T15:54:13.000Z,55.959,26.245333,26,5650
2019-02-15T15:55:07.000Z,55.962,26.247147,0,5660
2019-02-15T16:22:26.000Z,56.0615,26.309333,25,5560
2019-02-15T16:28:31.000Z,56.082667,26.322667,25,5580
2019-02-15T19:06:30.000Z,56.61600000000001,26.453667,0,15100
2019-02-15T19:06:32.000Z,56.61600000000001,26.453667,25,15100
2019-02-15T19:34:25.000Z,56.669148,26.357458,0,18400
2019-02-15T19:34:27.000Z,56.669148,26.357458,25,18400
2019-02-15T19:54:25.000Z,56.6665,26.279667,25,18270
2019-02-15T20:04:50.000Z,56.6655,26.239167,25,18250
2019-02-15T20:23:07.000Z,56.664958,26.166318,27,17940
2019-02-15T20:32:14.000Z,56.666387,26.128985,27,17720
2019-02-15T20:42:19.000Z,56.66898000000001,26.086578,27,17620
2019-02-15T20:57:56.000Z,56.674333,26.022667,26,17570
2019-02-15T21:23:34.000Z,56.684547,25.921085,26,17650
2019-02-15T21:49:28.000Z,56.69136999999999,25.817772,26,17640
2019-02-15T21:54:24.000Z,56.692537,25.7995,26,17670
2019-02-15T22:14:57.000Z,56.699833,25.717167,24,17590
2019-02-15T22:27:25.000Z,56.70336,25.672537,23,17570
2019-02-15T22:40:43.000Z,56.698,25.626667,23,20270
2019-02-15T22:42:36.000Z,56.694667,25.6195,0,20270
2019-02-15T22:44:17.000Z,56.692,25.614,23,20320
2019-02-15T22:47:36.000Z,56.68698000000001,25.602888,0,20230
2019-02-15T22:48:43.000Z,56.68516700000001,25.599,23,20260
2019-02-15T22:49:56.000Z,56.683365,25.595087,0,20260
2019-02-15T22:50:25.000Z,56.682667,25.5935,23,20270
2019-02-15T22:53:47.000Z,56.6775,25.582333,0,20280
2019-02-15T22:54:32.000Z,56.67616700000001,25.5795,0,20320
2019-02-15T22:54:42.000Z,56.676,25.579,0,20320
2019-02-15T22:56:03.000Z,56.673833,25.5745,23,20320
2019-02-15T22:57:23.000Z,56.67183299999999,25.570167,0,20270
2019-02-15T22:58:31.000Z,56.670067,25.566215,23,20320
2019-02-15T23:02:52.000Z,56.663333,25.551833,0,20360
2019-02-15T23:03:12.000Z,56.662833,25.550667,0,20370
2019-02-15T23:04:05.000Z,56.6615,25.548,0,20370
2019-02-15T23:05:49.000Z,56.658833,25.542333,23,20380
2019-02-15T23:06:36.000Z,56.6575,25.539667,0,20410
2019-02-15T23:08:04.000Z,56.65516700000001,25.534667,0,20390
2019-02-15T23:08:27.000Z,56.654667,25.533667,23,20240
2019-02-15T23:09:44.000Z,56.652833,25.529167,0,20110
2019-02-15T23:10:34.000Z,56.651667,25.526333,0,20080
2019-02-15T23:11:22.000Z,56.6505,25.523667,23,20090
2019-02-15T23:12:02.000Z,56.649513,25.521320000000006,0,20100
2019-02-15T23:12:41.000Z,56.648667,25.519167000000003,0,20100
2019-02-15T23:13:10.000Z,56.647833,25.5175,0,20100
2019-02-15T23:13:32.000Z,56.647333,25.516333,0,20100
2019-02-15T23:13:52.000Z,56.646833,25.515167,0,20100
2019-02-15T23:14:11.000Z,56.6465,25.514167,0,20100
2019-02-15T23:15:11.000Z,56.645,25.510833,23,20110
2019-02-15T23:18:52.000Z,56.639833,25.4985,0,20100
2019-02-15T23:19:12.000Z,56.63933299999999,25.497333,23,20100
2019-02-15T23:20:51.000Z,56.637,25.491667,0,20110
2019-02-15T23:21:13.000Z,56.6365,25.4905,0,20140
2019-02-15T23:22:36.000Z,56.6345,25.486167,0,20140
2019-02-15T23:22:53.000Z,56.63399999999999,25.485,0,20140
2019-02-15T23:23:12.000Z,56.633667,25.483833,0,20100
2019-02-15T23:23:31.000Z,56.63316700000001,25.482833,0,20110
2019-02-15T23:23:54.000Z,56.63266700000001,25.481667,0,20100
2019-02-15T23:24:35.000Z,56.63166700000001,25.4795,0,20150
2019-02-15T23:24:53.000Z,56.63116700000001,25.478333,0,20150
2019-02-15T23:24:54.000Z,56.633375,25.48333,23,20110
2019-02-15T23:25:04.000Z,56.631,25.477667,0,20150
2019-02-15T23:25:11.000Z,56.630833,25.477167,0,20110
2019-02-15T23:25:38.000Z,56.63033299999999,25.476,0,20110
2019-02-15T23:25:53.000Z,56.629763,25.474918,0,20150
2019-02-15T23:26:02.000Z,56.629535,25.47436,0,20020
2019-02-15T23:26:11.000Z,56.629333,25.473845,0,19900
2019-02-15T23:26:15.000Z,56.62924200000001,25.473615,0,20010
2019-02-15T23:26:18.000Z,56.629165,25.473448,0,20080
2019-02-15T23:26:25.000Z,56.62899,25.473062,0,20150
2019-02-15T23:26:29.000Z,56.628915,25.472897,0,20290
2019-02-15T23:26:35.000Z,56.62883299999999,25.47273,23,20350
2019-02-15T23:29:00.000Z,56.624153,25.464803,0,20950
2019-02-15T23:29:33.000Z,56.62318000000001,25.463233,0,20940
2019-02-15T23:29:41.000Z,56.622857,25.462712,0,20950
2019-02-15T23:30:52.000Z,56.620537,25.458993,0,20910
2019-02-15T23:31:33.000Z,56.619252,25.456958,0,20930
2019-02-15T23:31:49.000Z,56.618898,25.45638,0,20840
2019-02-15T23:32:05.000Z,56.61831700000001,25.455388,0,20800
2019-02-15T23:32:52.000Z,56.616698,25.452648,0,20840
2019-02-15T23:33:12.000Z,56.61610699999999,25.451597,0,20600
2019-02-15T23:33:22.000Z,56.615837,25.45107,0,20570
2019-02-15T23:33:32.000Z,56.61556,25.450537,0,20490
2019-02-15T23:33:52.000Z,56.614998,25.449435,0,20440
2019-02-15T23:34:02.000Z,56.614735,25.448892,0,20380
2019-02-15T23:34:12.000Z,56.614475,25.448348,0,20390
2019-02-15T23:34:33.000Z,56.613928,25.44727,0,20310
2019-02-15T23:34:54.000Z,56.61343000000001,25.446163,23,20250
2019-02-15T23:37:13.000Z,56.61045,25.438433,0,19680
2019-02-15T23:37:22.000Z,56.61026700000001,25.437893,0,19720
2019-02-15T23:37:32.000Z,56.61009,25.437345,22,19690
2019-02-15T23:40:12.000Z,56.607253,25.429093,0,19750
2019-02-15T23:40:42.000Z,56.606742,25.42769,0,19760
2019-02-15T23:41:13.000Z,56.60621999999999,25.426263,0,19710
2019-02-15T23:41:45.000Z,56.605788,25.424965,18,19630
2019-02-15T23:42:42.000Z,56.60499,25.422358,0,19590
2019-02-15T23:42:52.000Z,56.604833,25.422,0,19590
2019-02-15T23:43:02.000Z,56.604667000000006,25.4215,0,19610
2019-02-15T23:43:42.000Z,56.604242000000006,25.419928,0,19550
2019-02-15T23:43:53.000Z,56.604167,25.4195,0,19560
2019-02-15T23:44:33.000Z,56.603667,25.418000000000006,15,19590
2019-02-15T23:45:42.000Z,56.60279499999999,25.415377,0,19670
2019-02-15T23:46:21.000Z,56.602333,25.414,14,19660
2019-02-15T23:48:52.000Z,56.600667,25.408833,0,19630
2019-02-15T23:49:01.000Z,56.6005,25.4085,0,19620
2019-02-15T23:49:11.000Z,56.600333,25.408167,0,19610
2019-02-15T23:49:22.000Z,56.600333,25.407833,0,19590
2019-02-15T23:49:31.000Z,56.600167000000006,25.4075,0,19700
2019-02-15T23:49:41.000Z,56.60008000000001,25.40716,0,19720
2019-02-15T23:50:03.000Z,56.599833,25.406667,0,19730
2019-02-15T23:50:10.000Z,56.599833,25.406333,0,19670
2019-02-15T23:50:23.000Z,56.599667,25.405833,0,19650
2019-02-15T23:50:31.000Z,56.5995,25.405667,0,19620
2019-02-15T23:50:41.000Z,56.599485,25.405355,0,19510
2019-02-15T23:50:46.000Z,56.599455000000006,25.405238,11,19450
2019-02-15T23:52:41.000Z,56.59905799999999,25.40219,0,18220
2019-02-15T23:52:52.000Z,56.59905300000001,25.401913,0,18140
2019-02-15T23:53:11.000Z,56.599052,25.40144,0,18020
2019-02-15T23:53:22.000Z,56.59905300000001,25.401188,0,17910
2019-02-15T23:53:52.000Z,56.599087,25.400532,0,17460
2019-02-15T23:54:01.000Z,56.599107,25.400325,0,17470
2019-02-15T23:54:22.000Z,56.59915,25.399845000000006,0,17450
2019-02-15T23:54:31.000Z,56.599187,25.399662,0,17430
2019-02-15T23:54:41.000Z,56.599213,25.39946,0,17440
2019-02-15T23:54:52.000Z,56.59923199999999,25.399222,0,17480
2019-02-15T23:56:01.000Z,56.599362,25.39781,0,17640
2019-02-15T23:56:22.000Z,56.599398,25.397402,0,17680
2019-02-15T23:56:31.000Z,56.59940699999999,25.397195,0,17700
2019-02-15T23:56:43.000Z,56.599413,25.397017,0,17750
2019-02-15T23:56:55.000Z,56.599422,25.396813,0,17890
2019-02-15T23:57:26.000Z,56.599398,25.396252,7,18790
2019-02-15T23:57:56.000Z,56.599285,25.395623,0,19110
2019-02-15T23:58:11.000Z,56.599187,25.395227,0,19150
2019-02-15T23:58:22.000Z,56.599167,25.395,0,19170
2019-02-15T23:58:45.000Z,56.599,25.394667,0,19410
2019-02-15T23:59:04.000Z,56.599285,25.395623,8,19110
2019-02-15T23:59:12.000Z,56.598833,25.394,0,19320
2019-02-15T23:59:22.000Z,56.598833,25.393667,0,19230
2019-02-15T23:59:33.000Z,56.598792,25.393473,0,19240
2019-02-15T23:59:45.000Z,56.598667000000006,25.393167,0,19170
2019-02-15T23:59:52.000Z,56.598687,25.392992,0,19280
2019-02-16T00:00:05.000Z,56.598667000000006,25.392667000000007,0,19680
2019-02-16T00:00:11.000Z,56.5985,25.3925,0,19730
2019-02-16T00:00:31.000Z,56.598333,25.392167,0,20110
2019-02-16T00:00:41.000Z,56.598333,25.391833,0,20230
2019-02-16T00:01:02.000Z,56.598,25.3915,0,20260
2019-02-16T00:01:12.000Z,56.598,25.391167000000006,0,20470
2019-02-16T00:01:31.000Z,56.597712,25.390742000000003,0,20460
2019-02-16T00:01:52.000Z,56.5975,25.390333,0,20380
2019-02-16T00:02:02.000Z,56.597333,25.39,0,20510
2019-02-16T00:02:22.000Z,56.597148,25.38962,0,20430
2019-02-16T00:02:31.000Z,56.597043000000006,25.389432,0,20660
2019-02-16T00:02:52.000Z,56.596833,25.389,0,20750
2019-02-16T00:03:23.000Z,56.5965,25.388333,0,20720
2019-02-16T00:03:42.000Z,56.596258,25.387988,0,20620
2019-02-16T00:04:35.000Z,56.595735,25.387053,0,20830
2019-02-16T00:04:52.000Z,56.5955,25.386667000000006,0,20740
2019-02-16T00:05:12.000Z,56.595333,25.386333,0,20750
2019-02-16T00:05:31.000Z,56.59509300000001,25.38598,0,20730
2019-02-16T00:05:44.000Z,56.595,25.385833,0,20770
2019-02-16T00:06:02.000Z,56.594833,25.3855,0,20750
2019-02-16T00:06:11.000Z,56.594667,25.385333,0,20750
2019-02-16T00:06:39.000Z,56.5945,25.384833,0,20590
2019-02-16T00:06:59.000Z,56.594333,25.3845,0,20440
2019-02-16T00:07:05.000Z,56.59416700000001,25.384333,0,20340
2019-02-16T00:07:21.000Z,56.594022,25.384115,0,20240
2019-02-16T00:07:36.000Z,56.593907,25.383868,0,20090
2019-02-16T00:07:51.000Z,56.593837,25.383697,0,19860
2019-02-16T00:08:05.000Z,56.593742000000006,25.38342,0,19700
2019-02-16T00:08:19.000Z,56.593687,25.383185,0,19380
2019-02-16T00:08:52.000Z,56.593667,25.382833,0,18900
2019-02-16T00:10:25.000Z,56.593667,25.3815,0,17940
2019-02-16T00:11:19.000Z,56.593667,25.381,3,17330
2019-02-16T00:12:23.000Z,56.593667,25.3805,0,17250
2019-02-16T00:13:43.000Z,56.593638,25.380238,0,21690
2019-02-16T00:15:16.000Z,56.5935,25.380167,0,22680
2019-02-16T00:15:54.000Z,56.5935,25.38,0,22470
2019-02-16T00:17:14.000Z,56.593333,25.379833,0,22000
2019-02-16T00:17:23.000Z,56.593333,25.379833,0,21950
2019-02-16T00:20:24.000Z,56.593167,25.379833,0,25540
2019-02-16T00:23:13.000Z,56.593167,25.379833,0,25130
2019-02-16T00:30:01.000Z,56.593048,25.380002,0,35930
2019-02-16T00:41:59.000Z,56.5935,25.380667000000006,0,4790
2019-02-16T00:48:02.000Z,56.593833,25.380833,0,5740
2019-02-16T00:53:57.000Z,56.59416700000001,25.380833,0,6840
2019-02-16T00:56:58.000Z,56.594333,25.380833,0,7310
2019-02-16T00:59:59.000Z,56.5945,25.380833,0,7820
2019-02-16T01:02:59.000Z,56.5945,25.381,0,17280
2019-02-16T01:09:01.000Z,56.594667,25.381,0,17830
2019-02-16T01:12:02.000Z,56.594667,25.381,0,17960
2019-02-16T01:15:04.000Z,56.594667,25.381,0,18100
2019-02-16T01:27:45.000Z,56.594833,25.381,0,18590
2019-02-16T01:29:59.000Z,56.594888,25.380923000000006,0,18740
2019-02-16T01:36:02.000Z,56.595,25.381,0,18870
2019-02-16T01:40:11.000Z,56.594905,25.380937,0,26170
2019-02-16T01:42:01.000Z,56.594875,25.380948,0,28090
2019-02-16T01:47:59.000Z,56.594738,25.380965,0,26580
2019-02-16T01:54:02.000Z,56.5945,25.380833,0,26700
2019-02-16T02:06:03.000Z,56.59416700000001,25.380833,0,25340
2019-02-16T02:10:15.000Z,56.594,25.380833,0,25040
2019-02-16T02:15:05.000Z,56.593833,25.380667000000006,0,24460
2019-02-16T02:27:01.000Z,56.5935,25.3805,0,13980
2019-02-16T02:27:03.000Z,56.5935,25.3805,0,13980
2019-02-16T02:33:05.000Z,56.593388,25.380495,0,13410
2019-02-16T02:43:07.000Z,56.593328,25.380413,0,13160
2019-02-16T02:48:02.000Z,56.593333,25.380333,0,13020
2019-02-16T02:56:59.000Z,56.593167,25.380167,0,12610
2019-02-16T03:00:04.000Z,56.593167,25.380167,0,12430
2019-02-16T03:02:59.000Z,56.593167,25.380167,0,12230
2019-02-16T03:09:03.000Z,56.593,25.380167,0,11900
2019-02-16T03:14:58.000Z,56.593,25.38,0,11750
2019-02-16T03:24:02.000Z,56.592995,25.380003,0,14790
2019-02-16T03:26:59.000Z,56.59300699999999,25.380032,0,2550
2019-02-16T03:27:05.000Z,56.59300699999999,25.380032,0,2550
2019-02-16T03:32:59.000Z,56.593025,25.380103,0,700
2019-02-16T03:39:04.000Z,56.593057,25.38018,0,380
2019-02-16T03:48:03.000Z,56.593135,25.380288,0,4730
2019-02-16T03:51:04.000Z,56.593183,25.380338,0,5840
2019-02-16T03:54:04.000Z,56.593272,25.380375,0,5940
2019-02-16T04:06:02.000Z,56.593615,25.380513,0,5440
2019-02-16T04:08:58.000Z,56.593677,25.38059,0,4650
2019-02-16T04:12:46.000Z,56.59376,25.380667000000006,0,3890
2019-02-16T04:20:59.000Z,56.59390500000001,25.380937,0,2030
2019-02-16T04:21:04.000Z,56.59390500000001,25.380937,0,2030
2019-02-16T04:27:02.000Z,56.594023,25.381055,0,5900
2019-02-16T04:30:35.000Z,56.594088,25.381062,0,9530
2019-02-16T04:32:58.000Z,56.59416,25.381035,0,12140
2019-02-16T04:38:59.000Z,56.59429300000001,25.380973,0,12020
2019-02-16T04:48:04.000Z,56.594428,25.381023000000006,0,4310
2019-02-16T04:51:58.000Z,56.594497,25.381072,0,3690
2019-02-16T04:56:58.000Z,56.594602,25.381182,0,4580
2019-02-16T05:03:02.000Z,56.594687,25.38117,0,15030
2019-02-16T05:08:58.000Z,56.59466800000001,25.381057,0,20450
2019-02-16T05:12:32.000Z,56.594602,25.381028,0,22310
2019-02-16T05:17:59.000Z,56.59450500000001,25.380975,0,26190
2019-02-16T05:20:59.000Z,56.59441500000001,25.380987,0,28360
2019-02-16T05:27:02.000Z,56.594258,25.381045,0,31750
2019-02-16T05:41:59.000Z,56.59450500000001,25.381075,0,11760
2019-02-16T05:42:04.000Z,56.59450500000001,25.381075,0,11760
2019-02-16T05:48:03.000Z,56.59466,25.381032,0,10110
2019-02-16T05:53:57.000Z,56.59480500000001,25.38106,0,7590
2019-02-16T05:56:59.000Z,56.594897,25.381083,0,7480
2019-02-16T06:02:58.000Z,56.59504200000001,25.381123,0,5350
2019-02-16T06:07:07.000Z,56.59509499999999,25.381133,0,4860
2019-02-16T06:09:02.000Z,56.595147,25.381123,0,10690
2019-02-16T06:14:57.000Z,56.595213,25.381120000000006,0,12680
2019-02-16T06:24:03.000Z,56.595443,25.381068,0,9790
2019-02-16T06:27:13.000Z,56.595533,25.381077,0,8210
2019-02-16T06:33:05.000Z,56.595662,25.381053,0,9280
2019-02-16T06:41:57.000Z,56.595683,25.380978,0,23780
2019-02-16T06:42:53.000Z,56.595683,25.380978,0,23780
2019-02-16T06:48:02.000Z,56.59542800000001,25.38101,0,28640
2019-02-16T06:50:57.000Z,56.59520799999999,25.381093,0,28770
2019-02-16T06:53:58.000Z,56.594888,25.3812,0,29120
2019-02-16T06:56:59.000Z,56.594458,25.381353,0,29030
2019-02-16T07:03:04.000Z,56.59348000000001,25.381488,0,26620
2019-02-16T07:05:58.000Z,56.593087,25.381383,0,23590
2019-02-16T07:06:14.000Z,56.593087,25.381383,0,23590
2019-02-16T07:12:02.000Z,56.592798,25.380978,0,19900
2019-02-16T07:14:58.000Z,56.592763,25.380917,0,18680
2019-02-16T07:25:10.000Z,56.59304,25.381233,0,4890
2019-02-16T07:26:58.000Z,56.593178,25.381337,0,4980
2019-02-16T07:29:59.000Z,56.59328299999999,25.381422,0,5910
2019-02-16T07:30:04.000Z,56.59328299999999,25.381422,0,5910
2019-02-16T07:38:58.000Z,56.593578,25.381415,0,8940
2019-02-16T07:42:10.000Z,56.593612,25.381487,0,1350
2019-02-16T07:51:03.000Z,56.59371,25.381585,0,12230
2019-02-16T07:57:03.000Z,56.593842,25.381525,0,10890
2019-02-16T08:00:49.000Z,56.593885,25.381542,0,4360
2019-02-16T08:02:59.000Z,56.59397,25.381627,0,4860
2019-02-16T08:12:03.000Z,56.594362,25.38167,0,11540
2019-02-16T08:16:22.000Z,56.59438299999999,25.381657,0,16100
2019-02-16T08:20:58.000Z,56.594238,25.38163,0,25450
2019-02-16T08:24:04.000Z,56.59407,25.381582,0,25050
2019-02-16T08:26:57.000Z,56.59396,25.38153,0,24070
2019-02-16T08:36:03.000Z,56.594137,25.38145,0,8520
2019-02-16T08:38:58.000Z,56.59431800000001,25.381478,0,7700
2019-02-16T08:39:35.000Z,56.59431800000001,25.381478,0,7700
2019-02-16T08:44:58.000Z,56.594635,25.381578,0,5850
2019-02-16T08:51:03.000Z,56.594755000000006,25.381697,0,1640
2019-02-16T08:57:01.000Z,56.594657,25.381623,0,23210
2019-02-16T09:02:58.000Z,56.594423,25.381555,0,26450
2019-02-16T09:15:02.000Z,56.594152,25.381538,0,18260
2019-02-16T09:18:05.000Z,56.59413000000001,25.381522,0,17790
2019-02-16T09:33:02.000Z,56.593877,25.381507,0,28410
2019-02-16T09:35:58.000Z,56.593807,25.381507,0,24900
2019-02-16T09:38:59.000Z,56.59371700000001,25.38145,0,22760
2019-02-16T09:45:05.000Z,56.593535,25.381278,0,22270
2019-02-16T09:54:02.000Z,56.593358,25.381207,0,27680
2019-02-16T09:56:59.000Z,56.593277,25.381227,0,28480
2019-02-16T10:02:58.000Z,56.59330799999999,25.381220000000006,0,14670
2019-02-16T10:08:58.000Z,56.59334000000001,25.381187,0,15080
2019-02-16T10:12:03.000Z,56.593337,25.381188,0,17510
2019-02-16T10:15:12.000Z,56.593318,25.381173,0,27070
2019-02-16T10:23:59.000Z,56.593095,25.381157,0,24360
2019-02-16T10:30:02.000Z,56.59305300000001,25.381017,0,17290
2019-02-16T10:39:07.000Z,56.593015,25.38085,0,22350
2019-02-16T10:47:58.000Z,56.592815,25.38079,0,26390
2019-02-16T10:48:02.000Z,56.592815,25.38079,0,26390
2019-02-16T10:53:59.000Z,56.592752,25.38075,0,17240
2019-02-16T11:02:58.000Z,56.59284200000001,25.380618,0,15360
2019-02-16T11:04:08.000Z,56.59284200000001,25.380618,0,15360
2019-02-16T11:11:59.000Z,56.592748,25.380657,0,29710
2019-02-16T11:14:59.000Z,56.59269200000001,25.380677,0,31330
2019-02-16T11:17:58.000Z,56.592693,25.380698,0,40
2019-02-16T11:24:01.000Z,56.59277700000001,25.380743,0,8090
2019-02-16T11:33:02.000Z,56.592913,25.380813,0,940
2019-02-16T11:39:03.000Z,56.592895,25.380888,0,33010
2019-02-16T11:55:08.000Z,56.59285300000001,25.38077,0,20480
2019-02-16T12:03:03.000Z,56.592713,25.38061,0,22840
2019-02-16T12:13:07.000Z,56.592605000000006,25.380467000000003,0,18220
2019-02-16T12:30:02.000Z,56.592597,25.380462,0,31770
2019-02-16T12:33:03.000Z,56.592573,25.380508,0,32400
2019-02-16T12:37:20.000Z,56.592577,25.38054,0,2600
2019-02-16T12:38:58.000Z,56.592603,25.380533,0,9250
2019-02-16T12:50:59.000Z,56.59271,25.380513,0,34430
2019-02-16T12:51:01.000Z,56.59271,25.380513,0,34430
2019-02-16T12:56:58.000Z,56.592643,25.380538,0,29060
2019-02-16T13:00:06.000Z,56.59262,25.38054,0,16050
2019-02-16T13:02:58.000Z,56.59264200000001,25.380518,0,13400
2019-02-16T13:15:02.000Z,56.592897,25.380323,0,13050
2019-02-16T13:21:02.000Z,56.592967,25.380218,0,15530
2019-02-16T13:27:03.000Z,56.59300500000001,25.380112,0,17050
2019-02-16T13:33:01.000Z,56.592992,25.380067,0,21280
2019-02-16T13:36:05.000Z,56.59296,25.38004,0,24740
2019-02-16T13:44:59.000Z,56.592778,25.379967,0,28800
2019-02-16T13:53:59.000Z,56.59223000000001,25.380223,0,29570
2019-02-16T13:54:02.000Z,56.59223000000001,25.380223,0,29570
2019-02-16T13:58:09.000Z,56.59200799999999,25.380297,0,27210
2019-02-16T14:09:00.000Z,56.591502,25.380507,0,29490
2019-02-16T14:15:01.000Z,56.5911,25.380698,0,3480
2019-02-16T14:21:04.000Z,56.591432,25.38062,0,13880
2019-02-16T14:26:59.000Z,56.591347,25.380462,0,22910
2019-02-16T14:30:09.000Z,56.59125,25.380425,0,25720
2019-02-16T14:31:36.000Z,56.591225,25.380298,0,18000
2019-02-16T14:32:29.000Z,56.591283,25.380037,0,16790
2019-02-16T14:33:16.000Z,56.591372,25.379620000000006,0,17110
2019-02-16T14:33:36.000Z,56.591398,25.379402,0,17240
2019-02-16T14:34:27.000Z,56.591628,25.378678,0,15890
2019-02-16T14:34:56.000Z,56.591848,25.378187,7,15910
2019-02-16T14:36:15.000Z,56.592697,25.376453,0,15390
2019-02-16T14:37:24.000Z,56.593707,25.374455,0,15420
2019-02-16T14:37:37.000Z,56.593895,25.374105,0,15210
2019-02-16T14:38:56.000Z,56.595753,25.371513,16,14440
2019-02-16T14:39:49.000Z,56.597385,25.369627,0,14320
2019-02-16T14:39:56.000Z,56.597577,25.369393,0,14460
2019-02-16T14:40:06.000Z,56.59786800000001,25.369012,0,14540
2019-02-16T14:40:36.000Z,56.598777,25.367752,20,14730
2019-02-16T14:42:38.000Z,56.60249,25.362107,0,14990
2019-02-16T14:44:28.000Z,56.606333,25.356083,26,14960
2019-02-16T14:46:35.000Z,56.611052,25.34899,0,14260
2019-02-16T14:46:43.000Z,56.61162,25.34832,0,14160
2019-02-16T14:47:45.000Z,56.61499499999999,25.344827,0,13370
2019-02-16T14:47:46.000Z,56.61505,25.344777,28,13360
2019-02-16T14:49:17.000Z,56.616243,25.343842,28,12840
2019-02-16T15:02:01.000Z,56.675752,25.310183,31,12340
2019-02-16T15:06:46.000Z,56.69416700000001,25.298833,31,12490
2019-02-16T15:12:03.000Z,56.716,25.284667,31,12620
2019-02-16T15:18:01.000Z,56.7433,25.266982,31,12510
2019-02-16T15:28:20.000Z,56.786773,25.23952,0,12380
2019-02-16T15:33:36.000Z,56.8094,25.225675,30,12390
2019-02-16T15:37:29.000Z,56.825667,25.215833,31,12390
2019-02-16T15:41:06.000Z,56.84,25.207333,31,12320
2019-02-16T15:49:31.000Z,56.87883299999999,25.185,31,12310
2019-02-16T16:03:46.000Z,56.94366700000001,25.153,31,11590
2019-02-16T16:06:25.000Z,56.956333,25.1475,31,11500
2019-02-16T16:25:55.000Z,57.045152,25.104825,30,12470
2019-02-16T16:47:55.000Z,57.133833,25.042667,30,12800
2019-02-16T17:04:55.000Z,57.202633,24.994915,30,12700
2019-02-16T17:13:48.000Z,57.238333,24.970167,30,12800
2019-02-16T17:20:25.000Z,57.2655,24.951167,30,12700
2019-02-16T17:38:58.000Z,57.341653,24.898373,0,12770
2019-02-16T17:56:49.000Z,57.413667,24.847167,31,12880
2019-02-16T18:12:31.000Z,57.47868,24.801803,31,12730
2019-02-16T20:47:38.000Z,58.11960500000001,24.391165,29,12400
2019-02-16T21:01:25.000Z,58.17586,24.356285,29,12380
2019-02-16T21:12:40.000Z,58.222167000000006,24.328167,30,12490
2019-02-16T21:20:18.000Z,58.253995,24.308003,30,12450
2019-02-16T22:02:19.000Z,58.427857,24.195998,30,12550
2019-02-16T22:22:48.000Z,58.51360500000001,24.1407,31,12600
2019-02-16T22:28:39.000Z,58.53746,24.125305,31,12620
2019-02-16T22:39:07.000Z,58.581287,24.096153,30,12710
2019-02-16T23:12:28.000Z,58.715667,24.003667,30,12790
2019-02-17T04:56:38.000Z,60.14304,23.079253,0,12300
2019-02-17T04:57:26.000Z,60.14650699999999,23.077173,0,12310
2019-02-17T05:56:18.000Z,60.395573,22.914107,0,12620
2019-02-17T06:00:13.000Z,60.40965300000001,22.901607,0,14290
2019-02-17T06:27:49.000Z,60.42032,22.7804,0,17680
2019-02-17T06:39:50.000Z,60.42376,22.727147,29,17840
2019-02-17T06:48:19.000Z,60.423973,22.689573,0,17980
2019-02-17T07:10:31.000Z,60.422213,22.588693,30,18060
2019-02-17T07:21:29.000Z,60.42208,22.53872,0,17900
2019-02-17T08:04:03.000Z,60.420187,22.3452,30,18290
2019-02-17T08:20:14.000Z,60.417947,22.271253,0,18250
2019-02-17T08:20:55.000Z,60.417787,22.26808,0,18230
2019-02-17T11:00:42.000Z,60.345438,21.541185,29,18700
2019-02-17T14:11:58.000Z,60.219688,20.672463,30,18690
2019-02-17T15:23:49.000Z,60.173973,20.34896,0,18850
2019-02-17T15:24:06.000Z,60.173782,20.347708,0,18810
2019-02-17T15:24:18.000Z,60.17363,20.346748,0,18820
2019-02-17T15:25:06.000Z,60.173082,20.343265,29,18840
2019-02-17T16:22:55.000Z,60.13891,20.08558,29,18650
2019-02-17T17:26:49.000Z,60.108213,19.804587,0,18550
2019-02-17T17:33:07.000Z,60.105493,19.77736,28,18540
2019-02-17T17:43:08.000Z,60.101627,19.734987,28,18510
2019-02-17T17:58:06.000Z,60.09506800000001,19.670077,0,18670
2019-02-17T18:00:53.000Z,60.093675,19.658185,0,18610
2019-02-17T18:38:27.000Z,60.075973,19.497387,0,18500
2019-02-17T18:39:25.000Z,60.075547,19.493067,0,18500
2019-02-17T18:53:24.000Z,60.06576,19.432427,28,19080
2019-02-17T19:54:31.000Z,60.02176,19.174707,0,18850
2019-02-17T19:56:22.000Z,60.020447,19.166252,0,18870
2019-02-17T21:30:13.000Z,59.95723,18.758948,29,18930
2019-02-17T21:37:56.000Z,59.952825,18.724402,29,18640
2019-02-17T22:11:48.000Z,59.934333,18.572667000000006,0,18710
2019-02-17T22:47:07.000Z,59.91249000000001,18.41389,29,18760
2019-02-17T22:49:38.000Z,59.910828,18.402573,30,18840
2019-02-17T23:16:32.000Z,59.892762,18.280525,30,18810
2019-02-18T03:33:43.000Z,59.72919200000001,17.063942,0,18820
2019-02-18T03:55:56.000Z,59.715323,16.956412,32,18660
2019-02-18T04:16:02.000Z,59.703375,16.858372,32,18680
2019-02-18T04:20:28.000Z,59.70016,16.836667000000002,0,18820
2019-02-18T05:05:26.000Z,59.668635,16.619573000000006,32,18760
2019-02-18T05:08:29.000Z,59.666667,16.604533,32,18750
2019-02-18T05:26:50.000Z,59.65488000000001,16.51664,32,18790
2019-02-18T05:28:02.000Z,59.654,16.510853,32,18780
2019-02-18T05:30:09.000Z,59.652587,16.50056,32,18740
2019-02-18T05:40:50.000Z,59.645547,16.446587,0,18670
2019-02-18T05:46:37.000Z,59.642008,16.418933,0,18710
2019-02-18T05:51:02.000Z,59.639093,16.397413,32,18740
2019-02-18T06:00:34.000Z,59.63248000000001,16.3508,0,18780
2019-02-18T06:24:13.000Z,59.615577,16.235827,31,18820
2019-02-18T06:34:35.000Z,59.60904,16.187627,0,18750
2019-02-18T06:34:47.000Z,59.60893299999999,16.186773000000002,0,18770
2019-02-18T06:34:59.000Z,59.6088,16.185813,0,18750
2019-02-18T06:50:46.000Z,59.598,16.111573,0,18820
2019-02-18T07:26:36.000Z,59.576347,15.94352,0,18860
2019-02-18T08:08:26.000Z,59.547653,15.75008,30,18940
2019-02-18T08:40:08.000Z,59.526293,15.60432,0,18690
2019-02-18T08:40:27.000Z,59.526107,15.602907,30,18640
2019-02-18T08:46:38.000Z,59.52264,15.574426999999998,30,18710
2019-02-18T08:46:49.000Z,59.522533,15.573573,31,18680
2019-02-18T09:53:26.000Z,59.480598,15.268351999999998,0,18850
2019-02-18T10:02:56.000Z,59.474158,15.225207,30,18780
2019-02-18T10:38:14.000Z,59.45209000000001,15.066063,29,18740
2019-02-18T11:59:08.000Z,59.4016,14.69728,0,18730
2019-02-18T12:04:35.000Z,59.398442,14.67265,0,18650
2019-02-18T13:07:30.000Z,59.364293,14.379333,0,18590
2019-02-18T13:07:41.000Z,59.364187,14.37848,0,18580
2019-02-18T13:08:30.000Z,59.363787,14.37464,0,18550
2019-02-18T13:20:57.000Z,59.357063,14.316254999999998,31,18710
2019-02-18T14:08:14.000Z,59.32742800000001,14.095407000000002,30,18670
2019-02-18T15:52:38.000Z,59.26248,13.62216,0,18810
2019-02-18T15:54:25.000Z,59.261253,13.613973,0,18840
2019-02-18T16:06:15.000Z,59.25344000000001,13.560053,0,18790
2019-02-18T16:06:51.000Z,59.25304000000001,13.557227,0,18840
2019-02-18T16:20:23.000Z,59.243633,13.495682,0,18970
2019-02-18T16:25:02.000Z,59.240375,13.474813,0,18940
2019-02-18T16:33:38.000Z,59.234048,13.436025,29,18780
2019-02-18T16:48:43.000Z,59.22312,13.36856,29,18950
2019-02-18T17:08:31.000Z,59.21355300000001,13.279757,30,18500
2019-02-18T17:15:32.000Z,59.2108,13.24664,0,18490
2019-02-18T17:17:19.000Z,59.210213,13.239307,30,18400
2019-02-18T17:20:39.000Z,59.20896,13.22472,0,18470
2019-02-18T17:36:03.000Z,59.20075,13.153342000000002,0,18750
2019-02-18T17:49:52.000Z,59.19266700000001,13.090827,30,18720
2019-02-18T18:25:36.000Z,59.16952,12.928107,30,18790
2019-02-18T18:26:17.000Z,59.16906700000001,12.924827,30,18860
2019-02-18T18:27:36.000Z,59.16829300000001,12.918933,30,18900
2019-02-18T18:42:16.000Z,59.158,12.852,30,18950
2019-02-18T18:56:38.000Z,59.147627,12.78728,30,18860
2019-02-18T19:11:15.000Z,59.137115,12.718513,0,18860
2019-02-18T19:24:34.000Z,59.127787,12.656747,0,18880
2019-02-18T19:26:18.000Z,59.12660500000001,12.649313,0,18850
2019-02-18T19:27:17.000Z,59.125947,12.645227,0,18860
2019-02-18T19:27:35.000Z,59.125733,12.64376,0,18880
2019-02-18T19:28:17.000Z,59.12512,12.6396,0,18840
2019-02-18T20:04:11.000Z,59.102163,12.47247,30,18730
2019-02-18T20:24:49.000Z,59.09016,12.377653,30,18810
2019-02-18T20:40:39.000Z,59.08112,12.306,0,18720
2019-02-18T20:40:57.000Z,59.080987,12.304667,0,18720
2019-02-18T20:41:26.000Z,59.08066700000001,12.30248,0,18770
2019-02-18T20:42:10.000Z,59.08031999999999,12.299147,0,18760
2019-02-18T20:42:21.000Z,59.08024,12.298267,0,18740
2019-02-18T20:42:27.000Z,59.080187,12.297813,0,18750
2019-02-18T20:46:53.000Z,59.077828,12.277715,0,18760
2019-02-18T21:00:06.000Z,59.07072,12.2176,0,18680
2019-02-18T21:00:11.000Z,59.07066700000001,12.217227,0,18670
2019-02-18T21:07:18.000Z,59.0665,12.184,0,18800
2019-02-18T21:45:56.000Z,59.043057,12.00691,30,18670
2019-02-18T22:29:50.000Z,59.016333,11.804833,30,18810
2019-02-18T22:32:53.000Z,59.01433299999999,11.7905,30,18810
2019-02-18T22:59:43.000Z,58.997448,11.66612,31,18690
2019-02-19T00:05:29.000Z,58.954812,11.35804,0,18890
2019-02-19T00:05:35.000Z,58.95475500000001,11.357652,0,18840
2019-02-19T01:53:26.000Z,58.876548,10.86533,30,18850
2019-02-19T02:20:40.000Z,58.857615,10.739793,0,18870
2019-02-19T02:25:19.000Z,58.854328,10.71867,30,18860
2019-02-19T03:17:50.000Z,58.815547,10.47616,0,18900
2019-02-19T03:44:32.000Z,58.771233,10.361812,0,20820
2019-02-19T03:51:43.000Z,58.75506,10.332,0,20840
2019-02-19T03:51:49.000Z,58.754795,10.331517,0,20810
2019-02-19T03:52:25.000Z,58.753433,10.329032000000002,0,20890
2019-02-19T03:52:49.000Z,58.752518,10.327363,0,20870
2019-02-19T03:54:13.000Z,58.74936999999999,10.321635,0,20860
2019-02-19T03:54:32.000Z,58.74845300000001,10.319947,0,20780
2019-02-19T03:54:43.000Z,58.74824200000001,10.319535,0,20800
2019-02-19T03:56:44.000Z,58.74368000000001,10.311227,0,20850
2019-02-19T03:58:27.000Z,58.73976,10.304053,0,20850
2019-02-19T04:00:11.000Z,58.735893,10.297067,0,20880
2019-02-19T04:06:56.000Z,58.720402,10.26872,31,20640
2019-02-19T04:10:04.000Z,58.713262,10.255262,0,20780
2019-02-19T04:23:38.000Z,58.683525,10.1986,0,20750
2019-02-19T04:27:00.000Z,58.676,10.18424,0,20800
2019-02-19T04:32:12.000Z,58.66457800000001,10.162207,0,20670
2019-02-19T04:33:41.000Z,58.661208,10.155778,0,20720
2019-02-19T04:35:18.000Z,58.657738,10.149055,0,20700
2019-02-19T04:36:17.000Z,58.655558,10.144802,0,20720
2019-02-19T04:40:50.000Z,58.645725,10.125592,31,20660
2019-02-19T04:56:26.000Z,58.612,10.057707,0,20580
2019-02-19T04:57:02.000Z,58.611198,10.056107,31,20650
2019-02-19T05:10:02.000Z,58.58376,10.001867,0,20710
2019-02-19T05:10:34.000Z,58.582373,9.99928,0,20810
2019-02-19T05:11:09.000Z,58.581253,9.9972,0,20740
2019-02-19T05:14:50.000Z,58.5724,9.9804,0,20720
2019-02-19T05:24:26.000Z,58.55045300000001,9.940143,0,20880
2019-02-19T05:28:57.000Z,58.540053,9.921307,0,20800
2019-02-19T05:29:27.000Z,58.538987,9.919307,0,20900
2019-02-19T05:33:02.000Z,58.53072,9.904347,0,20830
2019-02-19T05:33:12.000Z,58.530497,9.903933,0,20860
2019-02-19T05:39:58.000Z,58.514827,9.87584,0,20940
2019-02-19T05:58:37.000Z,58.472347,9.80032,0,20810
2019-02-19T05:58:50.000Z,58.471867,9.799467,0,20870
2019-02-19T05:59:14.000Z,58.47104,9.79792,0,20850
2019-02-19T05:59:44.000Z,58.469867,9.795813,0,20860
2019-02-19T06:00:37.000Z,58.467893,9.792213,0,20890
2019-02-19T06:13:34.000Z,58.437707,9.739547,0,21030
2019-02-19T06:14:46.000Z,58.43488000000001,9.734693,0,20980
2019-02-19T06:15:34.000Z,58.43296,9.731467,0,21030
2019-02-19T06:15:46.000Z,58.432507,9.730667,0,21080
2019-02-19T06:15:58.000Z,58.43202700000001,9.729867,0,21040
2019-02-19T06:18:29.000Z,58.426080000000006,9.719787,0,21010
2019-02-19T06:28:22.000Z,58.402933,9.680347,0,21090
2019-02-19T06:30:39.000Z,58.397493,9.671253,0,20990
2019-02-19T06:32:04.000Z,58.39421700000001,9.665652,30,21010
2019-02-19T06:36:55.000Z,58.38288000000001,9.64648,0,21030
2019-02-19T06:41:58.000Z,58.37069,9.625953,30,21090
2019-02-19T06:45:02.000Z,58.36426700000001,9.615227,0,21000
2019-02-19T07:07:21.000Z,58.310933,9.52632,0,21090
2019-02-19T07:13:08.000Z,58.29746700000001,9.504187,30,21070
2019-02-19T07:14:14.000Z,58.294880000000006,9.49992,30,21070
2019-02-19T07:25:17.000Z,58.26888,9.457333,0,21160
2019-02-19T07:26:17.000Z,58.26645300000001,9.453467,0,21140
2019-02-19T07:29:29.000Z,58.258853,9.441067,0,21050
2019-02-19T08:11:21.000Z,58.159227,9.2764,30,21050
2019-02-19T08:20:01.000Z,58.13848,9.241493,0,21050
2019-02-19T08:20:36.000Z,58.13709300000001,9.239173,0,21060
2019-02-19T08:21:19.000Z,58.13546700000001,9.236373,0,21060
2019-02-19T08:29:19.000Z,58.116773,9.20472,0,21040
2019-02-19T08:32:07.000Z,58.110668,9.194468,30,21120
2019-02-19T08:41:33.000Z,58.08832,9.156453,30,20960
2019-02-19T08:50:26.000Z,58.06800000000001,9.121467,0,20970
2019-02-19T08:59:26.000Z,58.047282,9.085457,30,20970
2019-02-19T09:06:20.000Z,58.0313,9.05778,30,20990
2019-02-19T09:38:26.000Z,57.95571,8.927905,30,21020
2019-02-19T10:08:43.000Z,57.88383,8.805873,0,21060
2019-02-19T10:12:56.000Z,57.873963,8.788969999999999,30,21040
2019-02-19T10:39:29.000Z,57.81191800000001,8.682473,0,21030
2019-02-19T10:46:31.000Z,57.79563,8.654478,0,21000
2019-02-19T10:48:56.000Z,57.790037,8.644838,30,21070
2019-02-19T11:03:27.000Z,57.755865,8.586319999999999,0,21100
2019-02-19T11:04:10.000Z,57.754177,8.583468,0,21070
2019-02-19T12:47:27.000Z,57.50877,8.166552000000001,0,21040
2019-02-19T12:50:29.000Z,57.502,8.15512,0,21070
2019-02-19T12:50:36.000Z,57.501733,8.154667,0,21020
2019-02-19T12:50:41.000Z,57.501547,8.154347,0,21090
2019-02-19T12:50:48.000Z,57.50128,8.153867,0,21030
2019-02-19T12:50:54.000Z,57.50104,8.153467,0,21080
2019-02-19T13:54:20.000Z,57.35153199999999,7.899075,30,21120
2019-02-19T14:05:33.000Z,57.32467,7.855002000000002,0,21070
2019-02-19T14:05:57.000Z,57.323722,7.853425,0,21080
2019-02-19T14:06:21.000Z,57.322793,7.851853,0,21070
2019-02-19T14:06:39.000Z,57.322098,7.8506649999999985,0,21030
2019-02-19T14:07:09.000Z,57.32093199999999,7.8487,0,21070
2019-02-19T14:22:37.000Z,57.284477,7.788158,0,21180
2019-02-19T14:25:13.000Z,57.27822800000001,7.777962,0,21200
2019-02-19T14:27:25.000Z,57.273027,7.769444999999998,30,21120
2019-02-19T15:15:29.000Z,57.16157,7.57941,0,21070
2019-02-19T15:17:00.000Z,57.158065,7.573375,0,21010
2019-02-19T15:18:05.000Z,57.155542,7.568982000000001,0,20960
2019-02-19T15:27:56.000Z,57.133125,7.530297999999998,0,20980
2019-02-19T15:35:31.000Z,57.115865,7.5005169999999985,30,21040
2019-02-19T15:38:56.000Z,57.107787,7.48672,0,21070
2019-02-19T15:39:08.000Z,57.107333,7.48592,30,21010
2019-02-19T15:43:33.000Z,57.097387,7.4689070000000015,0,21060
2019-02-19T15:43:56.000Z,57.096533,7.467386999999999,0,20990
2019-02-19T15:44:01.000Z,57.096293,7.466987,0,20970
2019-02-19T15:44:13.000Z,57.09584,7.466187,0,20990
2019-02-19T15:44:38.000Z,57.09488,7.46456,0,20950
2019-02-19T15:45:20.000Z,57.093333,7.46184,0,20980
2019-02-19T15:46:32.000Z,57.09056,7.457013000000001,0,20960
2019-02-19T15:46:38.000Z,57.09032,7.456639999999998,0,21050
2019-02-19T15:47:02.000Z,57.08944,7.45512,0,20990
2019-02-19T15:48:14.000Z,57.086613,7.45032,0,21070
2019-02-19T15:54:33.000Z,57.072003,7.425077000000001,0,21020
2019-02-19T16:00:32.000Z,57.058452,7.401787,0,21020
2019-02-19T16:00:41.000Z,57.057993,7.400993,0,21050
2019-02-19T16:02:12.000Z,57.054527,7.39507,0,20950
2019-02-19T16:02:30.000Z,57.053837,7.39388,0,20920
2019-02-19T16:02:41.000Z,57.05338199999999,7.393088,0,21040
2019-02-19T16:07:13.000Z,57.043013,7.375172999999998,0,20980
2019-02-19T16:10:20.000Z,57.03599300000001,7.362945,30,21060
2019-02-19T16:32:37.000Z,56.986518,7.274053,0,20880
2019-02-19T16:37:08.000Z,56.97632,7.255333,0,20810
2019-02-19T16:43:55.000Z,56.96206,7.229177,30,20880
2019-02-19T16:48:26.000Z,56.952,7.2109869999999985,0,20950
2019-02-19T16:48:32.000Z,56.951787,7.210613,0,20880
2019-02-19T16:49:26.000Z,56.949787,7.207039999999999,0,20920
2019-02-19T16:50:30.000Z,56.947578,7.203117,0,20960
2019-02-19T16:51:05.000Z,56.946243,7.200757,0,20950
2019-02-19T16:51:14.000Z,56.945733,7.1998929999999985,0,20900
2019-02-19T16:51:19.000Z,56.945547,7.199547,0,20920
2019-02-19T16:51:32.000Z,56.945067,7.198693,0,20900
2019-02-19T16:51:42.000Z,56.944903,7.1983820000000005,0,20900
2019-02-19T16:52:19.000Z,56.943333,7.1956,0,20940
2019-02-19T17:08:07.000Z,56.90897800000001,7.133797,29,20860
2019-02-19T17:20:38.000Z,56.881253,7.084027000000002,0,20870
2019-02-19T17:20:51.000Z,56.8808,7.083227000000001,0,20900
2019-02-19T17:21:56.000Z,56.878373,7.078827,0,20940
2019-02-19T17:22:08.000Z,56.87792,7.0780270000000005,0,20930
2019-02-19T17:22:26.000Z,56.877253,7.0768270000000015,0,20920
2019-02-19T17:28:15.000Z,56.864187,7.053172999999999,0,20840
2019-02-19T17:29:45.000Z,56.860827,7.047173,0,20900
2019-02-19T17:29:57.000Z,56.860373,7.046373,0,20930
2019-02-19T17:30:21.000Z,56.85949300000001,7.044747,0,20980
2019-02-19T17:30:57.000Z,56.858133,7.042373,30,20900
2019-02-19T17:37:04.000Z,56.844425,7.018042,30,20930
2019-02-19T17:39:22.000Z,56.83924200000001,7.00885,0,20900
2019-02-19T17:42:19.000Z,56.832667,6.9972,30,20880
2019-02-19T17:59:23.000Z,56.794252,6.929788,0,20920
2019-02-19T18:01:00.000Z,56.7904,6.923067,0,20930
2019-02-19T18:01:59.000Z,56.78816,6.919147,0,21020
2019-02-19T18:02:11.000Z,56.78765300000001,6.9182929999999985,0,20970
2019-02-19T18:03:05.000Z,56.785680000000006,6.914827000000002,0,20990
2019-02-19T18:03:24.000Z,56.78496,6.913573,0,20940
2019-02-19T18:05:17.000Z,56.78069300000001,6.906186999999999,0,20980
2019-02-19T18:05:36.000Z,56.780027,6.905013,0,21030
2019-02-19T18:05:48.000Z,56.77952,6.904160000000001,0,21000
2019-02-19T18:07:11.000Z,56.776347,6.898667,0,20910
2019-02-19T18:19:51.000Z,56.74826700000001,6.849013,29,20840
2019-02-19T18:22:39.000Z,56.741853000000006,6.837712,0,20980
2019-02-19T18:28:42.000Z,56.728667,6.814587,29,20930
