timestamp,longitude,latitude,speed,direction
2020-02-10T04:29:05.000Z,125.657557,7.210682,5,8190
2020-02-10T04:29:25.000Z,125.657888,7.210737,6,8020
2020-02-10T04:29:45.000Z,125.658247,7.210787,7,8290
2020-02-10T04:30:05.000Z,125.65863799999998,7.210858,8,7960
2020-02-10T04:30:14.000Z,125.658878,7.2108880000000015,9,8210
2020-02-10T04:30:25.000Z,125.659113,7.210922999999998,9,8100
2020-02-10T04:30:45.000Z,125.659648,7.211015,10,8050
2020-02-10T04:30:54.000Z,125.659895,7.211053,11,8090
2020-02-10T04:31:05.000Z,125.660215,7.211103,11,8070
2020-02-10T04:31:14.000Z,125.660493,7.211162,11,7890
2020-02-10T04:31:25.000Z,125.660828,7.211227,12,7930
2020-02-10T04:31:35.000Z,125.661147,7.211292999999999,12,7870
2020-02-10T04:31:45.000Z,125.66145,7.211357,13,7830
2020-02-10T04:31:54.000Z,125.661763,7.211408,13,8050
2020-02-10T04:32:05.000Z,125.662147,7.2114850000000015,13,7870
2020-02-10T04:32:14.000Z,125.66246,7.211552,14,7780
2020-02-10T04:32:25.000Z,125.662867,7.211622,14,7990
2020-02-10T04:32:35.000Z,125.663217,7.211692,14,7880
2020-02-10T04:32:45.000Z,125.6636,7.211775,15,7830
2020-02-10T04:32:54.000Z,125.66396,7.2118350000000015,15,8000
2020-02-10T04:33:05.000Z,125.66435,7.211913000000001,15,7880
2020-02-10T04:33:14.000Z,125.664743,7.211993,15,7880
2020-02-10T04:33:25.000Z,125.665142,7.2120630000000014,15,8000
2020-02-10T04:33:35.000Z,125.665547,7.212142,15,7930
2020-02-10T04:33:45.000Z,125.66591499999998,7.212217999999999,16,7870
2020-02-10T04:33:54.000Z,125.666325,7.212297,16,7930
2020-02-10T04:34:05.000Z,125.666742,7.21237,16,7990
2020-02-10T04:34:14.000Z,125.667095,7.2124320000000015,16,8000
2020-02-10T04:34:25.000Z,125.667548,7.2125020000000015,16,8110
2020-02-10T04:34:35.000Z,125.667977,7.212565,16,8130
2020-02-10T04:34:45.000Z,125.66841,7.212633,16,8090
2020-02-10T04:34:54.000Z,125.668785,7.212682000000001,17,8220
2020-02-10T04:35:04.000Z,125.669238,7.212747,17,8150
2020-02-10T04:35:15.000Z,125.669733,7.212825,18,8110
2020-02-10T04:35:25.000Z,125.670208,7.21289,18,8210
2020-02-10T04:35:34.000Z,125.67058,7.212952,19,8080
2020-02-10T04:35:45.000Z,125.671152,7.21305,19,8070
2020-02-10T04:35:54.000Z,125.671635,7.213117,20,8210
2020-02-10T04:36:04.000Z,125.672068,7.213183,20,8120
2020-02-10T04:36:15.000Z,125.67264,7.213272999999999,20,8120
2020-02-10T04:36:25.000Z,125.673192,7.213358,21,8170
2020-02-10T04:36:45.000Z,125.674268,7.213518,21,8070
2020-02-10T04:36:54.000Z,125.67484,7.213595,22,8220
2020-02-10T04:37:04.000Z,125.67533,7.213647,22,8320
2020-02-10T04:37:15.000Z,125.675953,7.213752,22,8090
2020-02-10T04:37:25.000Z,125.676552,7.2138300000000015,23,8210
2020-02-10T04:37:34.000Z,125.677058,7.213914999999999,23,8130
2020-02-10T04:37:45.000Z,125.677718,7.2140119999999985,23,8200
2020-02-10T04:37:54.000Z,125.678287,7.214098,24,8150
2020-02-10T04:38:04.000Z,125.678868,7.214182000000001,24,8160
2020-02-10T04:38:15.000Z,125.67955,7.21428,24,8170
2020-02-10T04:38:25.000Z,125.680183,7.214382,24,8120
2020-02-10T04:38:34.000Z,125.680672,7.214453,24,8170
2020-02-10T04:38:45.000Z,125.681365,7.214548,25,8210
2020-02-10T04:38:54.000Z,125.682005,7.214647,25,8130
2020-02-10T04:39:04.000Z,125.682552,7.214722,25,8230
2020-02-10T04:39:15.000Z,125.68325,7.214815,25,8250
2020-02-10T04:39:25.000Z,125.683903,7.214907000000001,25,8230
2020-02-10T04:39:34.000Z,125.684462,7.214985,25,8210
2020-02-10T04:39:45.000Z,125.685173,7.215089999999999,25,8170
2020-02-10T04:39:54.000Z,125.68583999999998,7.21518,25,8190
2020-02-10T04:40:04.000Z,125.6864,7.215265,25,8160
2020-02-10T04:40:15.000Z,125.687115,7.21537,25,8150
2020-02-10T04:40:34.000Z,125.688342,7.215538,25,8220
2020-02-10T04:40:54.000Z,125.689565,7.215717,25,8190
2020-02-10T04:41:04.000Z,125.690285,7.21582,25,8200
2020-02-10T04:41:15.000Z,125.691003,7.215925,25,8170
2020-02-10T04:41:24.000Z,125.691568,7.216008,25,8160
2020-02-10T04:41:35.000Z,125.692288,7.21611,25,8200
2020-02-10T04:41:45.000Z,125.692903,7.216202,25,8160
2020-02-10T04:41:54.000Z,125.693465,7.216285000000001,25,8170
2020-02-10T04:42:04.000Z,125.69413,7.216392999999999,25,8080
2020-02-10T04:42:15.000Z,125.694838,7.21652,25,8030
2020-02-10T04:42:24.000Z,125.695392,7.2165979999999985,25,8130
2020-02-10T04:42:35.000Z,125.696103,7.2167080000000015,25,8110
2020-02-10T04:42:45.000Z,125.696758,7.216832000000001,25,7980
2020-02-10T04:42:54.000Z,125.697313,7.216922999999999,25,8060
2020-02-10T04:43:04.000Z,125.697972,7.2170320000000014,25,8040
2020-02-10T04:43:14.000Z,125.698628,7.217144999999999,25,8050
2020-02-10T04:43:24.000Z,125.699238,7.217237,25,8120
2020-02-10T04:43:35.000Z,125.699952,7.217353,25,8070
2020-02-10T04:43:45.000Z,125.700623,7.217460000000001,26,8130
2020-02-10T04:43:54.000Z,125.701143,7.217536999999999,26,8150
2020-02-10T04:44:04.000Z,125.701872,7.2176550000000015,26,8110
2020-02-10T04:44:14.000Z,125.702553,7.217772,26,8040
2020-02-10T04:44:24.000Z,125.70323799999998,7.217873,26,8130
2020-02-10T04:44:35.000Z,125.70393,7.217982000000001,26,8070
2020-02-10T04:44:45.000Z,125.704572,7.218087,27,8070
2020-02-10T04:44:54.000Z,125.70516299999998,7.21818,27,8090
2020-02-10T04:45:04.000Z,125.705863,7.2183,27,8040
2020-02-10T04:45:14.000Z,125.706568,7.218413000000001,27,8080
2020-02-10T04:45:24.000Z,125.707227,7.218528,27,8020
2020-02-10T04:45:35.000Z,125.707985,7.21865,27,8100
2020-02-10T04:45:45.000Z,125.708697,7.2187649999999985,27,8080
2020-02-10T04:45:54.000Z,125.709298,7.21887,27,8040
2020-02-10T04:46:04.000Z,125.71001499999998,7.2189830000000015,27,8090
2020-02-10T04:46:14.000Z,125.71073,7.219103,27,8060
2020-02-10T04:46:24.000Z,125.711393,7.219212,27,8070
2020-02-10T04:46:35.000Z,125.71217,7.219336999999999,28,8050
2020-02-10T04:46:45.000Z,125.712897,7.219457000000001,28,8070
2020-02-10T04:46:54.000Z,125.713453,7.219552,28,8050
2020-02-10T04:47:05.000Z,125.71423500000002,7.219677000000001,28,8110
2020-02-10T04:47:14.000Z,125.714958,7.219794999999999,28,8070
2020-02-10T04:47:24.000Z,125.715628,7.219902999999999,28,8080
2020-02-10T04:47:35.000Z,125.716408,7.220032000000002,28,8090
2020-02-10T04:47:45.000Z,125.717075,7.220153,28,7990
2020-02-10T04:47:54.000Z,125.717688,7.220252,28,8070
2020-02-10T04:48:05.000Z,125.718473,7.22037,28,8100
2020-02-10T04:48:14.000Z,125.71914,7.220492,28,8010
2020-02-10T04:48:24.000Z,125.719813,7.220582,28,8190
2020-02-10T04:48:35.000Z,125.720593,7.22071,28,8090
2020-02-10T04:48:44.000Z,125.721263,7.2208130000000015,28,8100
2020-02-10T04:48:54.000Z,125.72199,7.220936999999998,28,8050
2020-02-10T04:49:05.000Z,125.722717,7.221058,28,8080
2020-02-10T04:49:14.000Z,125.72338700000002,7.221153,28,8140
2020-02-10T04:49:24.000Z,125.724112,7.221272,28,8090
2020-02-10T04:49:35.000Z,125.724892,7.2214,28,8100
2020-02-10T04:49:44.000Z,125.725507,7.221492,28,8130
2020-02-10T04:49:54.000Z,125.72612,7.221585,28,8140
2020-02-10T04:50:05.000Z,125.7269,7.221719999999999,28,8060
2020-02-10T04:50:14.000Z,125.72757,7.221817,28,8170
2020-02-10T04:50:24.000Z,125.728352,7.221955,28,8040
2020-02-10T04:50:35.000Z,125.729125,7.222072,28,8100
2020-02-10T04:50:42.000Z,125.729625,7.22215,28,8120
2020-02-10T04:50:54.000Z,125.730465,7.222288000000002,28,8120
2020-02-10T04:51:00.000Z,125.730913,7.222353,28,8200
2020-02-10T04:51:13.000Z,125.731752,7.222483,28,8120
2020-02-10T04:51:24.000Z,125.732533,7.222607000000001,28,8110
2020-02-10T04:51:30.000Z,125.73298,7.222675,28,8120
2020-02-10T04:51:42.000Z,125.733877,7.222813,28,8140
2020-02-10T04:51:54.000Z,125.73466,7.222942,28,8090
2020-02-10T04:52:00.000Z,125.735108,7.223003,28,8170
2020-02-10T04:52:13.000Z,125.736008,7.2231429999999985,28,8090
2020-02-10T04:52:24.000Z,125.736795,7.223267,28,8090
2020-02-10T04:52:30.000Z,125.737248,7.223330000000002,28,8180
2020-02-10T04:52:43.000Z,125.738098,7.22346,28,8160
2020-02-10T04:52:54.000Z,125.739003,7.223608,28,8090
2020-02-10T04:53:00.000Z,125.739397,7.223665,28,8110
2020-02-10T04:53:13.000Z,125.740358,7.2238,28,8170
2020-02-10T04:53:25.000Z,125.74115,7.223938,28,8050
2020-02-10T04:53:30.000Z,125.741545,7.223998,28,8070
2020-02-10T04:53:42.000Z,125.742458,7.224097,28,8390
2020-02-10T04:53:54.000Z,125.743307,7.224203,28,8250
2020-02-10T04:54:00.000Z,125.743758,7.224267999999999,28,8250
2020-02-10T04:54:18.000Z,125.744948,7.224442,28,8160
2020-02-10T04:54:25.000Z,125.745458,7.22451,28,8180
2020-02-10T04:54:30.000Z,125.7458,7.224558,28,8210
2020-02-10T04:54:42.000Z,125.746752,7.2246869999999985,28,8160
2020-02-10T04:54:54.000Z,125.747598,7.224817,28,8120
2020-02-10T04:55:00.000Z,125.74794,7.2248649999999985,28,8160
2020-02-10T04:55:13.000Z,125.748912,7.22501,28,8160
2020-02-10T04:55:25.000Z,125.749767,7.225133,28,8170
2020-02-10T04:55:30.000Z,125.750168,7.22519,28,8190
2020-02-10T04:55:43.000Z,125.751023,7.225312,28,8180
2020-02-10T04:55:54.000Z,125.751878,7.225445,28,8120
2020-02-10T04:56:00.000Z,125.752337,7.225505,28,8190
2020-02-10T04:56:13.000Z,125.753245,7.225627999999999,28,8200
2020-02-10T04:56:25.000Z,125.75404,7.225743,28,8180
2020-02-10T04:56:30.000Z,125.754497,7.2258,28,8250
2020-02-10T04:56:43.000Z,125.755343,7.225911999999999,28,8220
2020-02-10T04:56:55.000Z,125.756192,7.2260300000000015,28,8240
2020-02-10T04:57:00.000Z,125.756642,7.226097,28,8200
2020-02-10T04:57:13.000Z,125.75748,7.226225,28,8130
2020-02-10T04:57:25.000Z,125.75832,7.226355,28,8140
2020-02-10T04:57:31.000Z,125.75877,7.22642,28,8170
2020-02-10T04:57:42.000Z,125.759612,7.2265320000000015,28,8240
2020-02-10T04:57:54.000Z,125.760453,7.226642999999998,28,8250
2020-02-10T04:58:01.000Z,125.7609,7.226705,28,8230
2020-02-10T04:58:12.000Z,125.76174,7.226827,28,8170
2020-02-10T04:58:25.000Z,125.762577,7.226945,28,8200
2020-02-10T04:58:31.000Z,125.763025,7.227008,28,8210
2020-02-10T04:58:43.000Z,125.763865,7.227123,28,8230
2020-02-10T04:58:55.000Z,125.764705,7.227238000000002,28,8210
2020-02-10T04:59:01.000Z,125.7651,7.227289999999999,28,8220
2020-02-10T04:59:13.000Z,125.765943,7.227403,28,8230
2020-02-10T04:59:25.000Z,125.766788,7.227519999999998,28,8230
2020-02-10T04:59:36.000Z,125.767625,7.227635,28,8220
2020-02-10T04:59:43.000Z,125.768067,7.227708,28,8140
2020-02-10T04:59:55.000Z,125.768912,7.227819999999999,28,8230
2020-02-10T05:00:01.000Z,125.769358,7.227882000000001,28,8250
2020-02-10T05:00:13.000Z,125.770208,7.227932000000001,28,8640
2020-02-10T05:00:25.000Z,125.77111200000002,7.227938000000001,28,8960
2020-02-10T05:00:31.000Z,125.771505,7.227927,28,9110
2020-02-10T05:00:43.000Z,125.772348,7.227853,28,9520
2020-02-10T05:00:55.000Z,125.773248,7.227707,28,9950
2020-02-10T05:01:00.000Z,125.773633,7.227625,28,10110
2020-02-10T05:01:31.000Z,125.77571299999998,7.22708,28,10590
2020-02-10T05:01:43.000Z,125.776582,7.226797,28,10830
2020-02-10T05:01:55.000Z,125.777282,7.226539999999999,28,10990
2020-02-10T05:02:01.000Z,125.77771,7.226373,28,11090
2020-02-10T05:02:12.000Z,125.7785,7.226037,28,11310
2020-02-10T05:02:25.000Z,125.779387,7.225638000000001,28,11430
2020-02-10T05:02:31.000Z,125.779702,7.225492,28,11470
2020-02-10T05:02:54.000Z,125.78133,7.22473,28,11530
2020-02-10T05:03:19.000Z,125.782917,7.223983,29,11540
2020-02-10T05:03:25.000Z,125.78334,7.223783,29,11540
2020-02-10T05:03:31.000Z,125.78371,7.223608,29,11540
2020-02-10T05:03:43.000Z,125.784507,7.22324,29,11480
2020-02-10T05:03:54.000Z,125.785355,7.222855,29,11480
2020-02-10T05:04:01.000Z,125.785725,7.222682000000002,29,11490
2020-02-10T05:04:18.000Z,125.78686,7.222077,29,11870
2020-02-10T05:04:25.000Z,125.787308,7.221805000000002,29,12060
2020-02-10T05:04:54.000Z,125.789023,7.220578,29,12740
2020-02-10T05:05:18.000Z,125.790397,7.219372999999999,29,13230
2020-02-10T05:05:25.000Z,125.790698,7.219088,29,13290
2020-02-10T05:05:31.000Z,125.791072,7.218711999999999,29,13460
2020-02-10T05:05:43.000Z,125.791663,7.218045,29,13820
2020-02-10T05:05:50.000Z,125.791995,7.2176300000000015,29,14030
2020-02-10T05:06:01.000Z,125.792472,7.216935,29,14470
2020-02-10T05:06:11.000Z,125.792847,7.21635,29,14730
2020-02-10T05:06:25.000Z,125.793342,7.215422,29,15230
2020-02-10T05:06:31.000Z,125.793522,7.215055,29,15350
2020-02-10T05:06:43.000Z,125.793898,7.214197,29,15660
2020-02-10T05:06:54.000Z,125.794222,7.2133600000000015,29,15850
2020-02-10T05:07:01.000Z,125.794382,7.212927,29,15970
2020-02-10T05:07:12.000Z,125.794667,7.212092,29,16130
2020-02-10T05:07:25.000Z,125.794933,7.211245,29,16260
2020-02-10T05:07:31.000Z,125.795068,7.210792,29,16310
2020-02-10T05:07:43.000Z,125.795315,7.2099350000000015,30,16410
2020-02-10T05:07:54.000Z,125.79553,7.209127,30,16510
2020-02-10T05:08:01.000Z,125.795662,7.2086070000000015,30,16560
2020-02-10T05:08:12.000Z,125.795865,7.207795,30,16590
2020-02-10T05:08:25.000Z,125.796087,7.206930000000002,30,16570
2020-02-10T05:08:37.000Z,125.796342,7.205942999999999,30,16560
2020-02-10T05:08:43.000Z,125.796432,7.205597999999998,30,16540
2020-02-10T05:08:55.000Z,125.796675,7.20467,30,16540
2020-02-10T05:09:01.000Z,125.79681,7.204148,30,16530
2020-02-10T05:09:12.000Z,125.797022,7.203342,30,16530
2020-02-10T05:09:25.000Z,125.797248,7.202475,30,16530
2020-02-10T05:09:37.000Z,125.797477,7.201608,30,16520
2020-02-10T05:09:43.000Z,125.7976,7.201148,30,16520
2020-02-10T05:09:54.000Z,125.797832,7.20028,30,16520
2020-02-10T05:10:06.000Z,125.798067,7.199413000000002,30,16510
2020-02-10T05:10:12.000Z,125.79819,7.19895,30,16500
2020-02-10T05:10:25.000Z,125.798418,7.19808,30,16540
2020-02-10T05:10:37.000Z,125.798662,7.19715,30,16520
2020-02-10T05:10:49.000Z,125.798892,7.196278,30,16530
2020-02-10T05:11:13.000Z,125.79896,7.19592,30,16540
2020-02-10T05:12:42.000Z,125.8011,7.188025,30,16530
2020-02-10T05:12:54.000Z,125.80132,7.187128,30,16550
2020-02-10T05:13:06.000Z,125.80156,7.186177000000002,30,16520
2020-02-10T05:13:12.000Z,125.801665,7.18577,30,16530
2020-02-10T05:13:24.000Z,125.801903,7.18484,30,16540
2020-02-10T05:13:30.000Z,125.80201,7.18443,30,16530
2020-02-10T05:13:54.000Z,125.802485,7.182638000000002,30,16520
2020-02-10T05:14:18.000Z,125.80293,7.180982000000001,30,16520
2020-02-10T05:14:31.000Z,125.803193,7.180027000000001,30,16520
2020-02-10T05:15:03.000Z,125.803387,7.1792,30,16520
2020-02-10T05:15:21.000Z,125.803733,7.177813,30,16510
2020-02-10T05:15:58.000Z,125.80448,7.175093,30,16500
2020-02-10T05:16:59.000Z,125.805787,7.1703470000000005,30,16480
2020-02-10T05:18:34.000Z,125.808,7.162427,30,16420
2020-02-10T05:18:52.000Z,125.8084,7.161092999999998,30,16410
2020-02-10T05:20:36.000Z,125.810707,7.152975,31,16430
2020-02-10T05:20:54.000Z,125.811092,7.151613,31,16440
2020-02-10T05:21:17.000Z,125.81144,7.150293,31,16420
2020-02-10T05:21:35.000Z,125.811813,7.148907,31,16440
2020-02-10T05:22:35.000Z,125.81312,7.144373,31,16410
2020-02-10T05:23:12.000Z,125.813893,7.1416270000000015,31,16400
2020-02-10T05:24:48.000Z,125.81613,7.133927000000001,31,16430
2020-02-10T05:25:07.000Z,125.81654,7.132561999999999,31,16420
2020-02-10T05:25:18.000Z,125.816795,7.13172,31,16380
2020-02-10T05:25:55.000Z,125.817545,7.128815,31,16570
2020-02-10T05:26:18.000Z,125.818027,7.1269800000000005,31,16550
2020-02-10T05:26:24.000Z,125.818137,7.126548,31,16550
2020-02-10T05:26:31.000Z,125.818278,7.125995,31,16570
2020-02-10T05:27:24.000Z,125.819373,7.121886999999999,32,16560
2020-02-10T05:28:06.000Z,125.820238,7.118507000000001,32,16560
2020-02-10T05:30:49.000Z,125.821952,7.105488,32,17950
2020-02-10T05:32:25.000Z,125.821543,7.097448,33,18500
2020-02-10T05:36:49.000Z,125.820765,7.0751100000000005,34,18000
2020-02-10T05:39:06.000Z,125.820743,7.063408,33,18000
2020-02-10T05:39:43.000Z,125.820755,7.060347,33,18000
2020-02-10T05:42:01.000Z,125.820543,7.048713,33,18240
2020-02-10T05:42:12.000Z,125.820505,7.047722,33,18230
2020-02-10T05:43:43.000Z,125.82023,7.04018,32,18190
2020-02-10T05:44:25.000Z,125.820105,7.036635,33,18190
2020-02-10T05:44:37.000Z,125.82007,7.035660000000001,32,18200
2020-02-10T05:45:25.000Z,125.819938,7.031742,32,18190
2020-02-10T05:45:37.000Z,125.819907,7.030775,32,18210
2020-02-10T05:45:43.000Z,125.81989,7.0302570000000015,32,18200
2020-02-10T05:50:31.000Z,125.81872,7.007707000000001,32,18320
2020-02-10T05:53:30.000Z,125.818,6.993547,31,18300
2020-02-10T06:04:30.000Z,125.814702,6.9408850000000015,31,18350
2020-02-10T06:04:54.000Z,125.81456,6.938945,31,18360
2020-02-10T06:05:01.000Z,125.814522,6.938497,31,18370
2020-02-10T06:05:12.000Z,125.814463,6.937517999999999,30,18350
2020-02-10T06:05:25.000Z,125.814403,6.936547,30,18370
2020-02-10T06:05:30.000Z,125.814372,6.93611,31,18380
2020-02-10T06:05:42.000Z,125.814323,6.935208,30,18350
2020-02-10T06:05:54.000Z,125.814247,6.9342570000000014,31,18370
2020-02-10T06:06:00.000Z,125.814215,6.933773,30,18350
2020-02-10T06:06:18.000Z,125.814132,6.9323820000000005,30,18360
2020-02-10T06:06:25.000Z,125.814095,6.931889999999999,30,18360
2020-02-10T06:06:30.000Z,125.814063,6.931457000000001,30,18350
2020-02-10T06:06:42.000Z,125.813993,6.930472,30,18360
2020-02-10T06:07:06.000Z,125.813882,6.928703,30,18350
2020-02-10T06:07:25.000Z,125.813838,6.927293,30,18340
2020-02-10T06:07:30.000Z,125.81381,6.926863000000001,30,18340
2020-02-10T06:07:42.000Z,125.813768,6.925953,30,18350
2020-02-10T06:07:55.000Z,125.813697,6.924952,31,18350
2020-02-10T06:08:12.000Z,125.81361499999998,6.923589999999999,30,18330
2020-02-10T06:08:25.000Z,125.813552,6.922542999999999,30,18340
2020-02-10T06:08:30.000Z,125.81353500000002,6.922178,30,18330
2020-02-10T06:08:42.000Z,125.81349,6.9212669999999985,30,18350
2020-02-10T06:09:06.000Z,125.813372,6.919347,30,18350
2020-02-10T06:09:12.000Z,125.813348,6.918922,30,18360
2020-02-10T06:09:25.000Z,125.813285,6.917955,30,18400
2020-02-10T06:09:30.000Z,125.813253,6.917522999999999,30,18400
2020-02-10T06:10:00.000Z,125.813078,6.915132000000002,30,18420
2020-02-10T06:10:43.000Z,125.812907,6.91288,30,18450
2020-02-10T06:11:49.000Z,125.812413,6.9068070000000015,30,18470
2020-02-10T06:12:01.000Z,125.812353,6.905797,30,18440
2020-02-10T06:12:25.000Z,125.812215,6.904028,30,18460
2020-02-10T06:12:42.000Z,125.812067,6.902597,30,18500
2020-02-10T06:14:06.000Z,125.81167,6.896213,30,18330
2020-02-10T06:15:16.000Z,125.81,6.89,29,18300
2020-02-10T06:16:01.000Z,125.811185,6.887532000000001,30,18320
2020-02-10T06:16:18.000Z,125.811115,6.886162,30,18310
2020-02-10T06:18:54.000Z,125.810452,6.874385,29,18310
2020-02-10T06:19:12.000Z,125.810388,6.873028,29,18310
2020-02-10T06:20:01.000Z,125.810205,6.8694169999999986,30,18340
2020-02-10T06:20:19.000Z,125.810138,6.868060000000002,29,18290
2020-02-10T06:20:25.000Z,125.810113,6.8675880000000005,29,18300
2020-02-10T06:20:31.000Z,125.81009,6.867117,29,18300
2020-02-10T06:20:49.000Z,125.810027,6.86587,30,18340
2020-02-10T06:23:01.000Z,125.809485,6.856033,29,18350
2020-02-10T06:23:19.000Z,125.809405,6.854711999999999,29,18400
2020-02-10T06:23:30.000Z,125.809362,6.853907,29,18310
2020-02-10T06:23:43.000Z,125.809333,6.852988000000002,28,18190
2020-02-10T06:24:01.000Z,125.809308,6.851728,28,18110
2020-02-10T06:24:13.000Z,125.809305,6.850873,28,18000
2020-02-10T06:24:25.000Z,125.809303,6.84996,28,18000
2020-02-10T06:24:30.000Z,125.809313,6.849563000000002,28,18000
2020-02-10T06:25:01.000Z,125.809238,6.847395,28,18360
2020-02-10T06:25:13.000Z,125.809158,6.846482000000001,28,18500
2020-02-10T06:26:01.000Z,125.808808,6.843012,28,18630
2020-02-10T06:26:13.000Z,125.808712,6.842160000000002,28,18650
2020-02-10T06:26:24.000Z,125.808622,6.8413580000000005,28,18640
2020-02-10T06:27:13.000Z,125.808227,6.837793,28,18620
2020-02-10T06:28:01.000Z,125.807847,6.8344,28,18610
2020-02-10T06:28:24.000Z,125.807658,6.832753,28,18650
2020-02-10T06:31:00.000Z,125.806372,6.821464999999999,28,18490
2020-02-10T06:31:19.000Z,125.806277,6.8201,28,18410
2020-02-10T06:31:24.000Z,125.80624,6.819638,28,18440
2020-02-10T06:31:36.000Z,125.806187,6.818845,28,18400
2020-02-10T06:31:42.000Z,125.806162,6.818447999999999,28,18380
2020-02-10T06:32:00.000Z,125.806077,6.817138000000001,28,18380
2020-02-10T06:32:12.000Z,125.80602,6.816222,28,18370
2020-02-10T06:32:25.000Z,125.805958,6.8153,29,18390
2020-02-10T06:32:31.000Z,125.80593,6.8148399999999985,28,18380
2020-02-10T06:32:42.000Z,125.80588,6.8140399999999985,28,18350
2020-02-10T06:32:55.000Z,125.805827,6.813122,28,18370
2020-02-10T06:33:00.000Z,125.805802,6.81272,28,18370
2020-02-10T06:33:13.000Z,125.805743,6.811858,28,18370
2020-02-10T06:33:25.000Z,125.805687,6.810995,28,18370
2020-02-10T06:33:31.000Z,125.80566,6.810533,29,18360
2020-02-10T06:33:42.000Z,125.805602,6.809672,29,18380
2020-02-10T06:33:55.000Z,125.805552,6.8087550000000014,28,18360
2020-02-10T06:34:00.000Z,125.805532,6.80841,28,18350
2020-02-10T06:34:12.000Z,125.805483,6.807542999999999,28,18340
2020-02-10T06:34:25.000Z,125.80542,6.806564999999999,28,18360
2020-02-10T06:34:31.000Z,125.805393,6.806103,29,18350
2020-02-10T06:34:42.000Z,125.805342,6.8053,29,18360
2020-02-10T06:34:55.000Z,125.80528,6.804378,29,18370
2020-02-10T06:35:00.000Z,125.805255,6.8039770000000015,29,18360
2020-02-10T06:35:12.000Z,125.805198,6.803108,29,18380
2020-02-10T06:35:25.000Z,125.805138,6.802238000000001,29,18410
2020-02-10T06:35:42.000Z,125.80506,6.800905,29,18360
2020-02-10T06:35:55.000Z,125.804982,6.800042,29,18430
2020-02-10T06:36:00.000Z,125.80495,6.7995800000000015,29,18420
2020-02-10T06:36:37.000Z,125.804783,6.79692,29,18360
2020-02-10T06:36:42.000Z,125.804747,6.796455,29,18410
2020-02-10T06:36:54.000Z,125.80466,6.7955770000000015,29,18450
2020-02-10T06:37:00.000Z,125.80465,6.795236999999998,29,18410
2020-02-10T06:37:12.000Z,125.804603,6.794318,29,18390
2020-02-10T06:37:25.000Z,125.804547,6.7933949999999985,29,18360
2020-02-10T06:37:31.000Z,125.804515,6.792932,29,18370
2020-02-10T06:37:48.000Z,125.804417,6.791657000000002,29,18400
2020-02-10T06:37:54.000Z,125.804387,6.791252,29,18410
2020-02-10T06:38:00.000Z,125.804358,6.790787,29,18380
2020-02-10T06:38:12.000Z,125.8043,6.7899080000000005,29,18420
2020-02-10T06:38:25.000Z,125.804247,6.789047999999998,29,18370
2020-02-10T06:38:31.000Z,125.804212,6.788527,29,18400
2020-02-10T06:38:42.000Z,125.804157,6.787715,29,18390
2020-02-10T06:38:54.000Z,125.804095,6.786783,29,18380
2020-02-10T06:39:00.000Z,125.804063,6.786378,29,18410
2020-02-10T06:39:12.000Z,125.804002,6.785448,29,18370
2020-02-10T06:39:25.000Z,125.803942,6.784522999999999,29,18370
2020-02-10T06:39:37.000Z,125.80388700000002,6.783718,29,18390
2020-02-10T06:39:48.000Z,125.803813,6.7828979999999985,29,18480
2020-02-10T06:39:54.000Z,125.803787,6.782394999999998,29,18410
2020-02-10T06:40:00.000Z,125.803767,6.781994999999998,29,18350
2020-02-10T06:40:12.000Z,125.803702,6.781122,29,18410
2020-02-10T06:40:25.000Z,125.803643,6.780193,29,18380
2020-02-10T06:40:31.000Z,125.803608,6.779733,29,18430
2020-02-10T06:40:42.000Z,125.803557,6.77887,29,18370
2020-02-10T06:40:54.000Z,125.803502,6.778065,29,18380
2020-02-10T06:41:06.000Z,125.80343700000002,6.777145,29,18410
2020-02-10T06:41:25.000Z,125.80333799999998,6.775763,29,18400
2020-02-10T06:41:37.000Z,125.803277,6.774903,29,18410
2020-02-10T06:41:42.000Z,125.803252,6.774502,29,18390
2020-02-10T06:41:54.000Z,125.803195,6.773645,29,18410
2020-02-10T06:42:00.000Z,125.803168,6.773185000000002,29,18390
2020-02-10T06:42:13.000Z,125.803108,6.772264999999999,29,18410
2020-02-10T06:42:25.000Z,125.80305,6.771344999999998,29,18380
2020-02-10T06:42:30.000Z,125.803027,6.771,29,18390
2020-02-10T06:42:42.000Z,125.802962,6.770135000000002,29,18430
2020-02-10T06:42:55.000Z,125.802902,6.769212,29,18390
2020-02-10T06:43:00.000Z,125.802877,6.768867,29,18410
2020-02-10T06:43:13.000Z,125.80281200000002,6.767888,29,18390
2020-02-10T06:43:25.000Z,125.802752,6.767022,29,18400
2020-02-10T06:43:30.000Z,125.802722,6.766562,29,18380
2020-02-10T06:43:49.000Z,125.802622,6.765288000000001,29,18440
2020-02-10T06:43:55.000Z,125.802588,6.764823,29,18410
2020-02-10T06:44:00.000Z,125.802565,6.764478,29,18410
2020-02-10T06:44:13.000Z,125.802502,6.763497,29,18370
2020-02-10T06:44:26.000Z,125.80244,6.762632000000001,29,18400
2020-02-10T06:44:37.000Z,125.80238500000002,6.761825,29,18420
2020-02-10T06:44:42.000Z,125.802355,6.761363,29,18410
2020-02-10T06:44:55.000Z,125.802283,6.760385,29,18430
2020-02-10T06:45:00.000Z,125.802258,6.7600380000000015,29,18430
2020-02-10T06:45:13.000Z,125.802197,6.759173,29,18420
2020-02-10T06:45:25.000Z,125.802123,6.758189999999999,29,18470
2020-02-10T06:45:42.000Z,125.802035,6.756927,29,18410
2020-02-10T06:45:55.000Z,125.801975,6.756065,29,18420
2020-02-10T06:46:00.000Z,125.801942,6.755607,29,18410
2020-02-10T06:46:13.000Z,125.801878,6.754742,29,18430
2020-02-10T06:46:25.000Z,125.801808,6.753872,29,18460
2020-02-10T06:46:37.000Z,125.80174,6.752947,29,18420
2020-02-10T06:46:42.000Z,125.801708,6.75254,29,18430
2020-02-10T06:46:55.000Z,125.801647,6.751668,29,18390
2020-02-10T06:47:00.000Z,125.80161499999998,6.751208,29,18400
2020-02-10T06:47:13.000Z,125.801553,6.750342999999999,29,18420
2020-02-10T06:47:25.000Z,125.80148,6.749414999999999,29,18460
2020-02-10T06:47:30.000Z,125.801457,6.7490679999999985,29,18440
2020-02-10T06:47:42.000Z,125.801393,6.748202,29,18450
2020-02-10T06:47:55.000Z,125.801322,6.747272,29,18450
2020-02-10T06:48:00.000Z,125.801295,6.746860000000002,29,18400
2020-02-10T06:48:25.000Z,125.801152,6.745053,29,18460
2020-02-10T06:48:30.000Z,125.801117,6.74459,29,18440
2020-02-10T06:48:48.000Z,125.801017,6.743255,29,18430
2020-02-10T06:48:55.000Z,125.800983,6.742839999999998,29,18440
2020-02-10T06:49:00.000Z,125.800948,6.742380000000002,29,18450
2020-02-10T06:49:13.000Z,125.800878,6.741503,29,18450
2020-02-10T06:49:25.000Z,125.80081,6.74062,29,18450
2020-02-10T06:49:30.000Z,125.80078,6.740222,29,18430
2020-02-10T06:49:42.000Z,125.800707,6.7392949999999985,29,18450
2020-02-10T06:49:55.000Z,125.800637,6.738364999999999,29,18450
2020-02-10T06:50:19.000Z,125.800505,6.73663,29,18440
2020-02-10T06:50:37.000Z,125.800402,6.7353,29,18440
2020-02-10T06:50:48.000Z,125.800337,6.734487,29,18450
2020-02-10T06:50:55.000Z,125.800303,6.734022,29,18430
2020-02-10T06:51:00.000Z,125.800267,6.733558,29,18450
2020-02-10T06:51:18.000Z,125.800165,6.732227000000001,29,18440
2020-02-10T06:51:25.000Z,125.800133,6.731813000000002,29,18440
2020-02-10T06:51:31.000Z,125.8001,6.731353,29,18440
2020-02-10T06:51:43.000Z,125.800027,6.730367,29,18460
2020-02-10T06:51:55.000Z,125.799968,6.729552,29,18430
2020-02-10T06:52:00.000Z,125.79994,6.729145,29,18430
2020-02-10T06:52:13.000Z,125.799868,6.728215,29,18460
2020-02-10T06:52:25.000Z,125.799807,6.727335000000001,29,18440
2020-02-10T06:52:30.000Z,125.799777,6.726985000000001,29,18450
2020-02-10T06:52:43.000Z,125.799692,6.725992999999999,29,18460
2020-02-10T06:52:55.000Z,125.799618,6.725117,29,18440
2020-02-10T06:53:00.000Z,125.79958700000002,6.724765,29,18470
2020-02-10T06:53:18.000Z,125.799477,6.723427,29,18450
2020-02-10T06:53:25.000Z,125.799433,6.7229,29,18470
2020-02-10T06:53:30.000Z,125.799402,6.72249,29,18460
2020-02-10T06:53:43.000Z,125.799328,6.7215479999999985,29,18480
2020-02-10T06:53:55.000Z,125.799265,6.720739999999998,29,18470
2020-02-10T06:54:00.000Z,125.79923,6.7202720000000005,29,18460
2020-02-10T06:54:25.000Z,125.799087,6.718477,29,18460
2020-02-10T06:54:30.000Z,125.799055,6.718072,29,18450
2020-02-10T06:54:43.000Z,125.798973,6.7170869999999985,29,18470
2020-02-10T06:54:55.000Z,125.79891,6.7162820000000005,29,18480
2020-02-10T06:55:00.000Z,125.79887,6.715822,29,18480
2020-02-10T06:55:13.000Z,125.798798,6.714963000000001,29,18480
2020-02-10T06:55:25.000Z,125.798727,6.7141020000000005,29,18490
2020-02-10T06:55:30.000Z,125.798692,6.7137,29,18490
2020-02-10T06:55:43.000Z,125.79861499999998,6.712778,29,18480
2020-02-10T06:55:55.000Z,125.798543,6.711917,29,18490
2020-02-10T06:56:00.000Z,125.79851,6.711515,29,18480
2020-02-10T06:56:12.000Z,125.79844,6.7106520000000005,29,18480
2020-02-10T06:56:25.000Z,125.798353,6.709677,29,18520
2020-02-10T06:56:30.000Z,125.798318,6.7093300000000005,29,18540
2020-02-10T06:56:43.000Z,125.798242,6.708355,29,18430
2020-02-10T06:56:55.000Z,125.798187,6.707555,29,18380
2020-02-10T06:57:00.000Z,125.798165,6.707155,28,18350
2020-02-10T06:57:12.000Z,125.798113,6.706238000000001,29,18320
2020-02-10T06:57:25.000Z,125.79806299999998,6.705322,28,18300
2020-02-10T06:57:31.000Z,125.798042,6.704865,29,18290
2020-02-10T06:57:55.000Z,125.797958,6.703188000000001,29,18300
2020-02-10T06:58:17.000Z,125.797937,6.702733,29,18300
2020-02-10T06:59:18.000Z,125.797618,6.697037,29,18320
2020-02-10T06:59:25.000Z,125.797593,6.696573,29,18310
2020-02-10T06:59:31.000Z,125.797568,6.6961119999999985,29,18300
2020-02-10T06:59:42.000Z,125.797525,6.695305,29,18310
2020-02-10T06:59:54.000Z,125.79748,6.694438000000001,28,18320
2020-02-10T07:00:06.000Z,125.797435,6.69358,28,18300
2020-02-10T07:00:12.000Z,125.79741,6.69312,29,18320
2020-02-10T07:00:24.000Z,125.797362,6.6922570000000015,29,18330
2020-02-10T07:00:31.000Z,125.797333,6.691735,29,18320
2020-02-10T07:00:49.000Z,125.797258,6.690465,29,18340
2020-02-10T07:00:54.000Z,125.797233,6.6900070000000005,28,18320
2020-02-10T07:01:00.000Z,125.79721,6.689605,28,18340
2020-02-10T07:01:19.000Z,125.79713,6.688277,29,18320
2020-02-10T07:01:24.000Z,125.797102,6.687811999999999,28,18340
2020-02-10T07:01:36.000Z,125.797055,6.686953,28,18330
2020-02-10T07:01:42.000Z,125.797035,6.686555,28,18310
2020-02-10T07:01:54.000Z,125.79698700000002,6.6857050000000005,28,18340
2020-02-10T07:02:07.000Z,125.796937,6.684738,28,18330
2020-02-10T07:02:12.000Z,125.796917,6.684392999999999,28,18350
2020-02-10T07:02:24.000Z,125.796867,6.68353,28,18330
2020-02-10T07:02:31.000Z,125.796833,6.68301,28,18360
2020-02-10T07:02:42.000Z,125.796787,6.6822050000000015,29,18330
2020-02-10T07:03:07.000Z,125.796667,6.68036,28,18400
2020-02-10T07:03:12.000Z,125.796643,6.67996,28,18360
2020-02-10T07:03:24.000Z,125.79658700000002,6.6790970000000005,29,18380
2020-02-10T07:03:31.000Z,125.796565,6.6787,28,18350
2020-02-10T07:03:48.000Z,125.79648799999998,6.677389999999999,28,18350
2020-02-10T07:03:54.000Z,125.79646,6.676933,28,18360
2020-02-10T07:04:01.000Z,125.796432,6.676473,28,18360
2020-02-10T07:04:13.000Z,125.796382,6.675611999999999,28,18340
2020-02-10T07:04:24.000Z,125.796332,6.674815,28,18370
2020-02-10T07:04:31.000Z,125.796302,6.674302000000001,28,18340
2020-02-10T07:04:42.000Z,125.796268,6.673442,28,18230
2020-02-10T07:04:54.000Z,125.796237,6.672642,28,18200
2020-02-10T07:05:01.000Z,125.796223,6.672132,28,18170
2020-02-10T07:05:31.000Z,125.796192,6.6699350000000015,28,18120
2020-02-10T07:06:01.000Z,125.796135,6.667733,28,18130
2020-02-10T07:06:13.000Z,125.796115,6.666937,28,18130
2020-02-10T07:06:24.000Z,125.796093,6.666083,28,18140
2020-02-10T07:06:31.000Z,125.796083,6.665625,28,18120
2020-02-10T07:06:42.000Z,125.796058,6.664762,28,18150
2020-02-10T07:06:54.000Z,125.796043,6.663908,28,18100
2020-02-10T07:07:01.000Z,125.796032,6.663457000000001,28,18120
2020-02-10T07:07:13.000Z,125.796018,6.662613,28,18100
2020-02-10T07:07:25.000Z,125.796002,6.661714999999999,28,18120
2020-02-10T07:07:31.000Z,125.795997,6.661318,28,18100
2020-02-10T07:07:43.000Z,125.795987,6.660417,28,18090
2020-02-10T07:07:54.000Z,125.795978,6.65963,28,18090
2020-02-10T07:08:01.000Z,125.79597,6.659122999999999,28,18100
2020-02-10T07:08:13.000Z,125.795965,6.658277,28,18070
2020-02-10T07:08:25.000Z,125.795952,6.657427,28,18100
2020-02-10T07:09:07.000Z,125.795885,6.654352,28,18120
2020-02-10T07:09:13.000Z,125.795882,6.654012,28,18110
2020-02-10T07:09:25.000Z,125.795868,6.653047,28,18110
2020-02-10T07:09:31.000Z,125.795855,6.652705,28,18120
2020-02-10T07:09:43.000Z,125.795847,6.651858,28,18090
2020-02-10T07:09:54.000Z,125.795832,6.650957000000001,28,18110
2020-02-10T07:10:00.000Z,125.795823,6.6505600000000005,28,18130
2020-02-10T07:10:31.000Z,125.79579,6.648348,28,18090
2020-02-10T07:10:49.000Z,125.795772,6.647048,28,18070
2020-02-10T07:10:54.000Z,125.795767,6.646705,28,18080
2020-02-10T07:11:00.000Z,125.795758,6.6461929999999985,28,18100
2020-02-10T07:11:13.000Z,125.79575,6.645347,28,18080
2020-02-10T07:11:24.000Z,125.79574,6.644562,28,18090
2020-02-10T07:11:31.000Z,125.79573700000002,6.644114999999998,28,18080
2020-02-10T07:11:49.000Z,125.795725,6.642807,28,18090
2020-02-10T07:11:55.000Z,125.795722,6.642360000000001,28,18070
2020-02-10T07:12:00.000Z,125.795722,6.641964999999999,28,18000
2020-02-10T07:12:18.000Z,125.795698,6.640662,28,18000
2020-02-10T07:12:24.000Z,125.79568799999998,6.640217999999999,28,18000
2020-02-10T07:12:31.000Z,125.795678,6.639823,28,18000
2020-02-10T07:12:49.000Z,125.795643,6.638510000000001,28,18120
2020-02-10T07:13:01.000Z,125.795618,6.637613000000001,28,18150
2020-02-10T07:13:12.000Z,125.7956,6.636783,28,18120
2020-02-10T07:13:24.000Z,125.79558,6.63595,28,18130
2020-02-10T07:13:31.000Z,125.795568,6.6355,28,18130
2020-02-10T07:13:49.000Z,125.79554,6.634202,28,18130
2020-02-10T07:13:54.000Z,125.795532,6.633867,28,18140
2020-02-10T07:14:00.000Z,125.795525,6.63342,28,18100
2020-02-10T07:14:13.000Z,125.795507,6.632578,28,18120
2020-02-10T07:14:24.000Z,125.795485,6.631672,28,18130
2020-02-10T07:14:37.000Z,125.795468,6.63077,28,18100
2020-02-10T07:14:43.000Z,125.795462,6.6303220000000005,28,18100
2020-02-10T07:14:54.000Z,125.79545,6.629542999999999,28,18100
2020-02-10T07:15:00.000Z,125.795447,6.629097,28,18080
2020-02-10T07:15:12.000Z,125.795433,6.628245,28,18100
2020-02-10T07:15:25.000Z,125.795425,6.627283,28,18070
2020-02-10T07:15:31.000Z,125.79542,6.626947,28,18080
2020-02-10T07:15:54.000Z,125.795393,6.6252,28,18090
2020-02-10T07:16:00.000Z,125.795387,6.624803,28,18080
2020-02-10T07:16:18.000Z,125.795372,6.623557000000001,28,18080
2020-02-10T07:16:25.000Z,125.795363,6.623048,28,18070
2020-02-10T07:16:31.000Z,125.79536,6.622603,28,18070
2020-02-10T07:16:43.000Z,125.795345,6.621752000000001,28,18080
2020-02-10T07:16:54.000Z,125.795335,6.620953,28,18060
2020-02-10T07:17:00.000Z,125.795323,6.620492,28,18080
2020-02-10T07:18:19.000Z,125.795292,6.614852000000001,28,18000
2020-02-10T07:18:25.000Z,125.795288,6.614455,28,18060
2020-02-10T07:18:31.000Z,125.795283,6.6140550000000005,28,18060
2020-02-10T07:18:43.000Z,125.79527,6.613207000000001,28,18090
2020-02-10T07:18:54.000Z,125.795252,6.612360000000002,28,18110
2020-02-10T07:19:06.000Z,125.79526,6.612755,28,18100
2020-02-10T07:20:37.000Z,125.79513500000002,6.605035000000001,28,18080
2020-02-10T07:20:43.000Z,125.795132,6.604589999999999,28,18060
2020-02-10T07:20:55.000Z,125.79512,6.6038,28,18070
2020-02-10T07:21:01.000Z,125.795113,6.603302,28,18080
2020-02-10T07:21:13.000Z,125.7951,6.6024600000000015,28,18080
2020-02-10T07:21:24.000Z,125.795088,6.601667999999999,28,18080
2020-02-10T07:21:36.000Z,125.795082,6.600847999999999,27,18000
2020-02-10T07:21:43.000Z,125.795077,6.600403,28,18060
2020-02-10T07:22:06.000Z,125.795065,6.598778,28,18000
2020-02-10T07:22:13.000Z,125.79506200000002,6.598282000000001,28,18060
2020-02-10T07:22:31.000Z,125.795055,6.597002000000002,28,18000
2020-02-10T07:22:43.000Z,125.79505,6.5961050000000006,28,18000
2020-02-10T07:22:55.000Z,125.79503,6.595267,28,18080
2020-02-10T07:23:01.000Z,125.795023,6.594875,28,18080
2020-02-10T07:23:13.000Z,125.795017,6.5939830000000015,28,18000
2020-02-10T07:23:24.000Z,125.795007,6.593197999999999,28,18080
2020-02-10T07:23:31.000Z,125.794998,6.592697,28,18080
2020-02-10T07:23:43.000Z,125.794992,6.591862,28,18070
2020-02-10T07:24:01.000Z,125.794978,6.590567999999998,28,18070
2020-02-10T07:24:19.000Z,125.794958,6.589247,28,18090
2020-02-10T07:24:24.000Z,125.794955,6.5889050000000005,28,18090
2020-02-10T07:24:31.000Z,125.794952,6.588462,28,18080
2020-02-10T07:24:43.000Z,125.794947,6.587637,28,18060
2020-02-10T07:24:55.000Z,125.794918,6.586637,29,18100
2020-02-10T07:25:01.000Z,125.794917,6.586162,28,18080
2020-02-10T07:25:13.000Z,125.794918,6.585367,28,18000
2020-02-10T07:25:24.000Z,125.794917,6.584607000000001,28,18000
2020-02-10T07:25:36.000Z,125.794912,6.583772,28,18000
2020-02-10T07:25:43.000Z,125.794907,6.583322,28,18060
2020-02-10T07:27:01.000Z,125.794833,6.577762,28,18080
2020-02-10T07:27:13.000Z,125.794823,6.57685,28,18080
2020-02-10T07:27:25.000Z,125.79481,6.576002000000001,28,18090
2020-02-10T07:27:31.000Z,125.794805,6.5756070000000015,28,18090
2020-02-10T07:27:43.000Z,125.794795,6.5747100000000005,28,18090
2020-02-10T07:27:54.000Z,125.79479,6.5739220000000005,28,18000
2020-02-10T07:28:01.000Z,125.794787,6.573413,28,18000
2020-02-10T07:28:12.000Z,125.794783,6.57263,28,18000
2020-02-10T07:28:31.000Z,125.794782,6.571339999999998,28,18000
2020-02-10T07:28:48.000Z,125.794773,6.5700970000000005,28,18000
2020-02-10T07:28:54.000Z,125.794772,6.569588,28,18000
2020-02-10T07:29:01.000Z,125.79477,6.569189999999999,28,18000
2020-02-10T07:29:12.000Z,125.794757,6.568364999999999,28,18000
2020-02-10T07:29:25.000Z,125.794745,6.567398,28,18000
2020-02-10T07:29:31.000Z,125.794737,6.566945,28,18000
2020-02-10T07:29:43.000Z,125.794727,6.566108,28,18000
2020-02-10T07:29:54.000Z,125.794717,6.565333,28,18000
2020-02-10T07:30:01.000Z,125.794708,6.564835,28,18060
2020-02-10T07:30:18.000Z,125.794688,6.56367,28,18120
2020-02-10T07:30:25.000Z,125.794678,6.563175,27,18100
2020-02-10T07:30:31.000Z,125.79467,6.5627320000000005,28,18110
2020-02-10T07:30:43.000Z,125.794657,6.561902000000001,28,18110
2020-02-10T07:31:12.000Z,125.794618,6.559842999999999,27,18090
2020-02-10T07:31:25.000Z,125.794598,6.558953,28,18120
2020-02-10T07:31:31.000Z,125.794592,6.558567,28,18110
2020-02-10T07:31:42.000Z,125.794575,6.557675,28,18120
2020-02-10T07:31:55.000Z,125.79456,6.556838000000001,28,18100
2020-02-10T07:32:01.000Z,125.794557,6.556392999999999,28,18090
2020-02-10T07:32:12.000Z,125.794548,6.555615,28,18090
2020-02-10T07:32:25.000Z,125.794532,6.554725,28,18090
2020-02-10T07:32:31.000Z,125.794525,6.55428,27,18070
2020-02-10T07:32:42.000Z,125.794515,6.553507,27,18080
2020-02-10T07:32:55.000Z,125.794498,6.552567,27,18090
2020-02-10T07:33:01.000Z,125.794493,6.552178,28,18090
2020-02-10T07:33:12.000Z,125.794485,6.551402,27,18070
2020-02-10T07:33:55.000Z,125.794463,6.548403,27,18000
2020-02-10T07:34:01.000Z,125.79446000000002,6.547905,27,18000
2020-02-10T07:34:12.000Z,125.794462,6.54713,27,18000
2020-02-10T07:34:31.000Z,125.794458,6.545848,27,18000
2020-02-10T07:34:42.000Z,125.794455,6.545075,27,18000
2020-02-10T07:34:55.000Z,125.79445,6.544185,27,18000
2020-02-10T07:35:01.000Z,125.794447,6.543742,27,18000
2020-02-10T07:35:12.000Z,125.794435,6.54296,27,18000
2020-02-10T07:35:25.000Z,125.794427,6.542018,27,18000
2020-02-10T07:35:31.000Z,125.794418,6.541625,28,18000
2020-02-10T07:35:49.000Z,125.794397,6.5403449999999985,28,18000
2020-02-10T07:36:18.000Z,125.794373,6.53829,28,18000
2020-02-10T07:36:30.000Z,125.79437,6.537403,27,18000
2020-02-10T07:36:42.000Z,125.794358,6.536567,27,18060
2020-02-10T07:36:55.000Z,125.794353,6.535732,27,18000
2020-02-10T07:37:01.000Z,125.794348,6.535228,27,18060
2020-02-10T07:37:12.000Z,125.794347,6.534508,27,18000
2020-02-10T07:37:25.000Z,125.794342,6.533613,27,18000
2020-02-10T07:37:30.000Z,125.79433799999998,6.533172,27,18000
2020-02-10T07:37:42.000Z,125.794337,6.532335,27,18000
2020-02-10T07:37:54.000Z,125.794328,6.531557,27,18070
2020-02-10T07:38:01.000Z,125.794327,6.531058,27,18060
2020-02-10T07:38:12.000Z,125.794318,6.530277,27,18070
2020-02-10T07:38:25.000Z,125.794317,6.529332,27,18000
2020-02-10T07:39:30.000Z,125.794283,6.5247199999999985,27,18000
2020-02-10T07:39:49.000Z,125.794278,6.523395,27,18000
2020-02-10T07:39:54.000Z,125.794278,6.523068,27,18000
2020-02-10T07:40:00.000Z,125.794273,6.522625,27,18000
2020-02-10T07:40:25.000Z,125.794278,6.520927,27,18000
2020-02-10T07:40:42.000Z,125.794263,6.519692,24,18170
2020-02-10T07:41:00.000Z,125.794282,6.518512,27,18000
2020-02-10T07:41:12.000Z,125.794278,6.517568,27,18000
2020-02-10T07:42:54.000Z,125.794268,6.510525,27,18000
2020-02-10T07:43:00.000Z,125.794268,6.510085,27,18000
2020-02-10T07:43:12.000Z,125.794275,6.5092550000000005,27,18000
2020-02-10T07:43:24.000Z,125.794273,6.508422,27,18000
2020-02-10T07:43:30.000Z,125.794273,6.507978,27,18000
2020-02-10T07:43:48.000Z,125.794278,6.506707,27,18000
2020-02-10T07:44:01.000Z,125.79428,6.505877,27,18000
2020-02-10T07:45:54.000Z,125.794298,6.497947,27,18000
2020-02-10T07:46:01.000Z,125.7943,6.497448,27,18000
2020-02-10T07:46:12.000Z,125.794303,6.496678,27,18000
2020-02-10T07:46:24.000Z,125.794307,6.4958480000000005,27,18000
2020-02-10T07:46:49.000Z,125.794317,6.494135,27,18000
2020-02-10T07:47:12.000Z,125.794332,6.49247,27,18000
2020-02-10T08:10:24.000Z,125.792683,6.395177,28,18110
2020-02-10T08:32:55.000Z,125.7873,6.29593,29,18300
2020-02-10T08:38:28.000Z,125.785915,6.272588,29,18290
2020-02-10T08:38:52.000Z,125.785808,6.27074,29,18350
2020-02-10T08:39:35.000Z,125.785637,6.267733,29,18350
2020-02-10T08:42:25.000Z,125.785,6.255,27,18000
2020-02-10T09:22:31.000Z,125.774948,6.074285,30,19630
2020-02-10T09:22:48.000Z,125.774555,6.072965,30,19650
2020-02-10T09:23:48.000Z,125.773272,6.068667,30,19670
2020-02-10T09:25:06.000Z,125.77158,6.0630180000000005,30,19690
2020-02-10T09:25:42.000Z,125.77081499999998,6.06045,29,19690
2020-02-10T09:25:55.000Z,125.770518,6.0594730000000006,30,19740
2020-02-10T09:26:06.000Z,125.770283,6.058675,30,19680
2020-02-10T09:26:31.000Z,125.769767,6.056895,30,19640
2020-02-10T09:27:12.000Z,125.768848,6.053875,30,19680
2020-02-10T09:27:48.000Z,125.76806299999998,6.051242,30,19650
2020-02-10T09:28:06.000Z,125.76768,6.04991,30,19680
2020-02-10T09:28:13.000Z,125.767562,6.049508,30,19670
2020-02-10T09:30:18.000Z,125.764775,6.040312,30,19700
2020-02-10T09:40:09.000Z,125.75207,5.998352,30,19690
2020-02-10T09:42:23.000Z,125.748333,5.988333,29,19700
2020-02-10T09:45:23.000Z,125.743333,5.975,29,19600
2020-02-10T11:29:42.000Z,125.477493,5.597105,28,22410
2020-02-10T11:32:18.000Z,125.470507,5.590027,28,22570
2020-02-10T11:43:19.000Z,125.438607,5.556352,28,21720
2020-02-10T11:44:21.000Z,125.43602,5.552822,29,21590
2020-02-10T12:00:34.000Z,125.381667,5.515,25,27100
2020-02-10T12:18:42.000Z,125.305988,5.519755,27,28790
2020-02-10T12:20:30.000Z,125.299493,5.52232,27,29240
2020-02-10T12:22:53.000Z,125.29072,5.525867,27,28970
2020-02-10T12:23:05.000Z,125.289973,5.526163,27,29070
2020-02-10T12:23:24.000Z,125.2888,5.526587,27,29070
2020-02-10T12:24:54.000Z,125.283067,5.52872,27,29120
2020-02-10T12:25:00.000Z,125.282693,5.528827,27,29060
2020-02-10T12:25:48.000Z,125.27883500000002,5.53027,27,29000
2020-02-10T12:26:07.000Z,125.277602,5.53073,27,29040
2020-02-10T12:26:19.000Z,125.276827,5.531013,27,29040
2020-02-10T12:26:25.000Z,125.27642,5.531167,27,29080
2020-02-10T12:27:06.000Z,125.273738,5.53217,27,29050
2020-02-10T12:27:27.000Z,125.273333,5.531667,25,29000
2020-02-10T12:28:19.000Z,125.269028,5.53394,27,29110
2020-02-10T12:28:25.000Z,125.268615,5.534088,27,29040
2020-02-10T12:28:31.000Z,125.2682,5.534243,27,29040
2020-02-10T12:28:42.000Z,125.267478,5.534518,27,29060
2020-02-10T12:29:00.000Z,125.266342,5.53494,27,29060
2020-02-10T12:29:49.000Z,125.263177,5.5361,27,29020
2020-02-10T12:30:00.000Z,125.262398,5.536388,27,29000
2020-02-10T12:30:19.000Z,125.261157,5.536855,27,29020
2020-02-10T12:30:54.000Z,125.25887,5.537705,27,29100
2020-02-10T12:31:06.000Z,125.25809,5.537992,27,29030
2020-02-10T12:31:12.000Z,125.257725,5.538132,27,29080
2020-02-10T12:31:24.000Z,125.256892,5.538435,27,29010
2020-02-10T12:31:36.000Z,125.256055,5.538748,27,29060
2020-02-10T12:32:37.000Z,125.252142,5.540202,27,29070
2020-02-10T12:32:49.000Z,125.251312,5.54051,27,29060
2020-02-10T12:33:06.000Z,125.250178,5.540932,27,29040
2020-02-10T12:33:12.000Z,125.24981499999998,5.54107,27,29060
2020-02-10T12:33:37.000Z,125.24816,5.541695,27,29060
2020-02-10T12:33:49.000Z,125.247437,5.541965,27,29050
2020-02-10T12:34:12.000Z,125.24583,5.54256,27,29030
2020-02-10T12:34:24.000Z,125.245098,5.542832,27,29030
2020-02-10T12:34:49.000Z,125.243483,5.5434230000000015,27,29010
2020-02-10T12:35:25.000Z,125.241128,5.5443,27,29070
2020-02-10T12:36:06.000Z,125.238377,5.545337,27,29070
2020-02-10T12:36:28.000Z,125.236667,5.545,27,29000
2020-02-10T12:36:55.000Z,125.235208,5.546508,27,29030
2020-02-10T12:37:06.000Z,125.234427,5.5468,27,29040
2020-02-10T12:37:12.000Z,125.234063,5.546933,27,29030
2020-02-10T12:37:42.000Z,125.232907,5.547333,27,29010
2020-02-10T12:38:55.000Z,125.227275,5.549412,27,28910
2020-02-10T12:39:56.000Z,125.22416,5.5504,27,28750
2020-02-10T12:41:31.000Z,125.21694,5.552635,28,28700
2020-02-10T13:06:18.000Z,125.121627,5.593653,28,29450
2020-02-10T13:08:43.000Z,125.11224,5.597867,28,29440
2020-02-10T13:19:59.000Z,125.06905,5.618665,28,29880
2020-02-10T13:20:50.000Z,125.065643,5.620525,28,29880
2020-02-10T13:25:37.000Z,125.046907,5.630001999999998,28,29600
2020-02-10T13:30:34.000Z,125.026667,5.638333,27,29500
2020-02-10T13:30:55.000Z,125.02608,5.640053,29,29550
2020-02-10T13:32:19.000Z,125.020453,5.642693,29,29520
2020-02-10T13:34:55.000Z,125.00992,5.647307,29,29270
2020-02-10T13:50:49.000Z,124.942852,5.675248000000002,30,29210
2020-02-10T13:50:54.000Z,124.942522,5.675383,30,29210
2020-02-10T13:54:13.000Z,124.928622,5.6810800000000015,30,29210
2020-02-10T13:55:53.000Z,124.922277,5.683692,30,29220
2020-02-10T13:56:57.000Z,124.917982,5.685468,30,29230
2020-02-10T14:10:13.000Z,124.860657,5.7046,29,28620
2020-02-10T14:10:54.000Z,124.85763,5.705518,29,28680
2020-02-10T14:11:00.000Z,124.8573,5.705617,29,28660
2020-02-10T14:23:07.000Z,124.80791,5.727803,29,30210
2020-02-10T14:32:32.000Z,124.77392,5.7489870000000005,29,30230
2020-02-10T14:34:08.000Z,124.767947,5.75272,28,30210
2020-02-10T14:42:54.000Z,124.73568,5.7736269999999985,28,30490
2020-02-10T14:46:09.000Z,124.723573,5.781547,28,29990
2020-02-10T14:47:19.000Z,124.719147,5.784027,28,29890
2020-02-10T14:50:42.000Z,124.70616,5.790693,28,29330
2020-02-10T15:09:37.000Z,124.633403,5.822905,27,30020
2020-02-10T15:41:57.000Z,124.518855,5.888603,27,29740
2020-02-10T15:53:48.000Z,124.473532,5.907042,27,29090
2020-02-10T15:54:18.000Z,124.471603,5.907778,27,29110
2020-02-10T15:58:57.000Z,124.45352,5.914827,27,29130
2020-02-10T15:59:33.000Z,124.451307,5.91568,27,29120
2020-02-10T16:00:14.000Z,124.448613,5.91672,27,29090
2020-02-10T16:00:45.000Z,124.446667,5.917467,27,29100
2020-02-10T16:01:33.000Z,124.443627,5.91864,26,29010
2020-02-10T16:03:08.000Z,124.437493,5.920987,27,29110
2020-02-10T16:03:13.000Z,124.43712,5.921147,27,29110
2020-02-10T16:06:34.000Z,124.425,5.925,25,29000
2020-02-10T16:09:35.000Z,124.413333,5.928333,25,29100
2020-02-10T16:53:06.000Z,124.248643,5.9866519999999985,26,30000
2020-02-10T16:55:24.000Z,124.240768,5.99127,26,30050
2020-02-10T17:16:35.000Z,124.168053,6.035173,26,30100
2020-02-10T17:25:38.000Z,124.136143,6.051405,26,29270
2020-02-10T17:54:16.000Z,124.023333,6.088333,25,28800
2020-02-10T18:00:16.000Z,124.0,6.095,25,28700
2020-02-10T18:00:35.000Z,123.999777,6.096433,27,28780
2020-02-10T18:04:56.000Z,123.9828,6.102027,26,28790
2020-02-10T18:05:20.000Z,123.981227,6.102533,26,28790
2020-02-10T18:07:50.000Z,123.971707,6.10576,26,29440
2020-02-10T18:08:02.000Z,123.970987,6.106107,26,29530
2020-02-10T18:24:16.000Z,123.91192,6.133867,26,29480
2020-02-10T18:24:47.000Z,123.910107,6.13472,26,29470
2020-02-10T18:25:17.000Z,123.908293,6.135547,26,29460
2020-02-10T18:26:16.000Z,123.90464,6.1372,26,29450
2020-02-10T18:26:47.000Z,123.902827,6.138027,26,29470
2020-02-10T18:32:45.000Z,123.88144,6.147893,26,29490
2020-02-10T18:33:15.000Z,123.8796,6.148747,26,29520
2020-02-10T18:33:21.000Z,123.87928,6.148907,26,29480
2020-02-10T18:34:34.000Z,123.874933,6.150933,26,29490
2020-02-10T18:34:46.000Z,123.87421299999998,6.15128,26,29500
2020-02-10T18:35:10.000Z,123.8728,6.151947,25,29480
2020-02-10T18:37:00.000Z,123.8657,6.155325,25,29540
2020-02-10T18:38:24.000Z,123.861147,6.157493,25,29590
2020-02-10T18:39:25.000Z,123.8576,6.159173,26,29570
2020-02-10T18:40:33.000Z,123.85368,6.16104,25,29500
2020-02-10T18:47:24.000Z,123.829247,6.172925,26,29770
2020-02-10T19:09:14.000Z,123.751322,6.213982,27,29790
2020-02-10T19:15:06.000Z,123.730212,6.225125,27,29770
2020-02-10T19:36:15.000Z,123.653333,6.265,25,29800
2020-02-10T19:43:23.000Z,123.629652,6.279033,26,29840
2020-02-10T19:46:23.000Z,123.619032,6.284667,26,29810
2020-02-10T23:28:14.000Z,122.779703,6.667412,28,29200
2020-02-10T23:48:33.000Z,122.696667,6.695,27,29500
2020-02-11T00:21:26.000Z,122.568333,6.758333,27,29600
2020-02-11T00:54:19.000Z,122.434427,6.81744,28,29020
2020-02-11T01:00:26.000Z,122.409558,6.827103,28,29120
2020-02-11T01:09:42.000Z,122.371093,6.836613000000002,29,26250
2020-02-11T01:19:55.000Z,122.324853,6.8296800000000015,30,26150
2020-02-11T01:20:50.000Z,122.32056,6.8290130000000016,31,26140
2020-02-11T01:21:01.000Z,122.319707,6.828880000000002,31,26100
2020-02-11T01:22:25.000Z,122.313093,6.827893,31,26130
2020-02-11T01:23:54.000Z,122.306027,6.826772999999998,31,26030
2020-02-11T01:24:33.000Z,122.303333,6.825,31,26000
2020-02-11T01:25:53.000Z,122.296507,6.82512,32,26040
2020-02-11T01:26:42.000Z,122.29264,6.824453,32,26100
2020-02-11T01:29:18.000Z,122.280107,6.8228800000000005,32,26540
2020-02-11T01:32:02.000Z,122.268053,6.82192,32,26580
2020-02-11T02:19:36.000Z,122.016427,6.826053,37,27680
2020-02-11T02:50:49.000Z,121.8996,6.923572999999998,33,33820
2020-02-11T03:42:34.000Z,121.845,7.15,27,300
2020-02-11T05:13:47.000Z,121.848853,7.533547,26,280
2020-02-11T05:21:35.000Z,121.85,7.563333,25,200
2020-02-11T05:42:15.000Z,121.855,7.648333,25,600
2020-02-11T05:45:15.000Z,121.855,7.66,25,200
2020-02-11T06:47:17.000Z,121.869493,7.910639999999999,27,670
2020-02-11T06:52:11.000Z,121.87192,7.92992,27,660
2020-02-11T10:12:23.000Z,121.871667,8.75,25,100
2020-02-11T10:15:23.000Z,121.871667,8.761667,25,100
2020-02-11T12:09:26.000Z,121.885,9.218333,25,100
2020-02-11T13:09:33.000Z,121.886667,9.446667,24,35800
2020-02-11T13:39:26.000Z,121.883333,9.56,24,35800
2020-02-11T13:42:26.000Z,121.883333,9.571667,24,35800
2020-02-11T15:21:35.000Z,121.896667,9.946667,24,35600
2020-02-11T15:24:35.000Z,121.895,9.958333,24,35500
2020-02-11T17:27:14.000Z,121.888333,10.423333,24,35500
2020-02-11T18:15:56.000Z,121.874427,10.621013,27,35480
2020-02-11T18:16:08.000Z,121.874347,10.62184,27,35480
2020-02-11T19:03:14.000Z,121.855,10.828333,29,35500
2020-02-11T19:06:14.000Z,121.853333,10.841667,29,35500
2020-02-12T00:40:15.000Z,121.73184,12.228773,27,35250
2020-02-12T00:57:32.000Z,121.723333,12.298333,25,34900
2020-02-12T00:59:23.000Z,121.722587,12.30656,27,35000
2020-02-12T01:03:32.000Z,121.718333,12.321667,25,35000
2020-02-12T03:00:35.000Z,121.645,12.781667,25,35100
2020-02-12T03:03:34.000Z,121.643333,12.793333,25,35100
2020-02-12T05:15:13.000Z,121.481667,13.276667000000002,29,33100
2020-02-12T05:48:50.000Z,121.386933,13.395653,29,31460
2020-02-12T06:13:00.000Z,121.309567,13.472352,29,31990
2020-02-12T06:29:47.000Z,121.262027,13.531813,29,32040
2020-02-12T06:42:53.000Z,121.216458,13.56991,30,28040
2020-02-12T06:57:14.000Z,121.146667,13.583332999999998,31,28300
2020-02-12T07:20:37.000Z,121.034963,13.6009,31,27730
2020-02-12T07:20:49.000Z,121.034007,13.601018,31,27730
2020-02-12T07:20:55.000Z,121.033497,13.601083,31,27740
2020-02-12T07:21:00.000Z,121.03311200000002,13.60113,31,27730
2020-02-12T07:21:43.000Z,121.029587,13.601567,31,27750
2020-02-12T07:22:13.000Z,121.02713500000002,13.601828,32,27550
2020-02-12T07:23:24.000Z,121.021372,13.602078,31,27000
2020-02-12T07:23:31.000Z,121.020867,13.602082,31,27000
2020-02-12T07:23:42.000Z,121.019978,13.602088,31,27000
2020-02-12T07:23:55.000Z,121.018908,13.602083,30,27000
2020-02-12T07:24:13.000Z,121.017462,13.60208,30,27000
2020-02-12T07:25:07.000Z,121.013293,13.60203,31,26890
2020-02-12T07:25:24.000Z,121.011883,13.601987,30,26830
2020-02-12T07:25:31.000Z,121.01138799999998,13.601972,30,26820
2020-02-12T07:25:48.000Z,121.010028,13.601926999999998,30,26810
2020-02-12T07:26:07.000Z,121.008605,13.601865,30,26760
2020-02-12T07:27:01.000Z,121.004393,13.601598,30,26490
2020-02-12T07:29:06.000Z,120.994572,13.600707,30,26780
2020-02-12T07:29:13.000Z,120.994005,13.600688,30,26810
2020-02-12T07:30:13.000Z,120.989272,13.600668,31,27000
2020-02-12T07:30:31.000Z,120.987807,13.60068,31,27000
2020-02-12T07:30:54.000Z,120.985957,13.600693,31,27000
2020-02-12T07:31:01.000Z,120.98544,13.600695000000002,31,27000
2020-02-12T07:31:13.000Z,120.984352,13.600703,31,27000
2020-02-12T07:32:25.000Z,120.978575,13.60077,31,27000
2020-02-12T07:32:36.000Z,120.977603,13.600787,31,27000
2020-02-12T07:32:42.000Z,120.977095,13.600798,31,27090
2020-02-12T07:33:06.000Z,120.975208,13.600829999999998,31,27100
2020-02-12T07:33:13.000Z,120.974635,13.600842000000002,31,27130
2020-02-12T07:41:54.000Z,120.931108,13.601427,32,27030
2020-02-12T07:42:01.000Z,120.930582,13.601448,32,27080
2020-02-12T08:28:36.000Z,120.731187,13.688618,29,29980
2020-02-12T08:48:43.000Z,120.65036299999998,13.734277,30,30060
2020-02-12T08:50:55.000Z,120.641632,13.739327,29,30060
2020-02-12T08:51:07.000Z,120.640747,13.739837,29,30060
2020-02-12T08:52:00.000Z,120.637317,13.741812,29,30050
2020-02-12T08:52:25.000Z,120.635667,13.742772,29,30060
2020-02-12T08:52:31.000Z,120.635357,13.74295,29,30040
2020-02-12T08:53:19.000Z,120.632095,13.744785,29,30020
2020-02-12T08:53:25.000Z,120.63173700000002,13.74499,29,30040
2020-02-12T08:53:37.000Z,120.631012,13.745403,29,30080
2020-02-12T08:54:01.000Z,120.629428,13.746318,29,30080
2020-02-12T08:54:19.000Z,120.628258,13.747013,29,30090
2020-02-12T08:58:18.000Z,120.61423700000002,13.757407,28,31840
2020-02-12T08:59:18.000Z,120.611338,13.76073,28,32000
2020-02-12T09:00:07.000Z,120.609067,13.763385,28,31980
2020-02-12T09:00:49.000Z,120.607073,13.765683,28,31980
2020-02-12T09:01:18.000Z,120.605688,13.767285,28,31980
2020-02-12T09:01:37.000Z,120.604755,13.768367,28,31980
2020-02-12T09:02:13.000Z,120.603093,13.770313,28,32020
2020-02-12T09:03:30.000Z,120.599518,13.77457,28,32030
2020-02-12T09:03:55.000Z,120.598345,13.775938,28,32040
2020-02-12T09:04:13.000Z,120.59747,13.776947,28,32020
2020-02-12T09:04:25.000Z,120.596905,13.777607,28,32030
2020-02-12T09:04:55.000Z,120.595465,13.779279999999998,28,32010
2020-02-12T09:05:13.000Z,120.594597,13.780288,28,32040
2020-02-12T09:05:25.000Z,120.594042,13.780933,28,32030
2020-02-12T09:05:31.000Z,120.593782,13.781235,28,32020
2020-02-12T09:05:43.000Z,120.593218,13.781883,28,31990
2020-02-12T09:06:07.000Z,120.592057,13.78323,28,31970
2020-02-12T09:06:13.000Z,120.591798,13.783538,28,32000
2020-02-12T09:06:25.000Z,120.591198,13.784242,28,32000
2020-02-12T09:06:30.000Z,120.59093500000002,13.784552,28,32000
2020-02-12T09:06:43.000Z,120.59034,13.785258,28,32030
2020-02-12T09:07:07.000Z,120.58921,13.786567000000002,28,31940
2020-02-12T09:08:07.000Z,120.58635,13.789897,28,31990
2020-02-12T09:08:31.000Z,120.58521299999998,13.791201999999998,28,31970
2020-02-12T09:09:01.000Z,120.583702,13.792957,28,31980
2020-02-12T09:09:19.000Z,120.582908,13.793872,28,31990
2020-02-12T09:10:30.000Z,120.579453,13.797826999999998,28,31940
2020-02-12T09:10:54.000Z,120.578303,13.799129999999998,28,31930
2020-02-12T09:11:19.000Z,120.577078,13.800515,28,31930
2020-02-12T09:11:30.000Z,120.576545,13.801122,28,31920
2020-02-12T09:11:43.000Z,120.575893,13.801854999999998,28,31900
2020-02-12T09:11:55.000Z,120.575322,13.802497,28,31910
2020-02-12T09:12:24.000Z,120.573908,13.804085,28,31910
2020-02-12T09:12:43.000Z,120.573035,13.805075,28,31920
2020-02-12T09:13:00.000Z,120.572168,13.806065,28,31930
2020-02-12T09:13:19.000Z,120.571313,13.806992,28,31870
2020-02-12T09:13:37.000Z,120.570483,13.808012,28,32160
2020-02-12T09:13:43.000Z,120.570157,13.808412,28,32150
2020-02-12T09:13:55.000Z,120.569622,13.809079999999998,28,32210
2020-02-12T09:14:00.000Z,120.569412,13.80935,28,32250
2020-02-12T09:14:31.000Z,120.568017,13.811157,28,32260
2020-02-12T09:14:43.000Z,120.567493,13.81183,28,32310
2020-02-12T09:15:00.000Z,120.566727,13.812817,28,32280
2020-02-12T09:15:18.000Z,120.56593,13.813845,28,32270
2020-02-12T09:15:25.000Z,120.56562,13.814248,28,32300
2020-02-12T09:15:43.000Z,120.564857,13.815237,28,32280
2020-02-12T09:16:00.000Z,120.564067,13.816268,28,32300
2020-02-12T09:16:18.000Z,120.56334,13.817208,28,32310
2020-02-12T09:16:25.000Z,120.563028,13.81761,28,32290
2020-02-12T09:16:31.000Z,120.562753,13.817967,28,32310
2020-02-12T09:16:43.000Z,120.562228,13.818638,28,32290
2020-02-12T09:17:01.000Z,120.561462,13.819625,28,32270
2020-02-12T09:17:12.000Z,120.560938,13.820295000000002,28,32280
2020-02-12T09:17:25.000Z,120.560347,13.821058,28,32290
2020-02-12T09:17:31.000Z,120.56014,13.821323,28,32270
2020-02-12T09:17:43.000Z,120.559582,13.822038,28,32250
2020-02-12T09:17:55.000Z,120.55901,13.82275,28,32220
2020-02-12T09:18:01.000Z,120.558782,13.82307,28,32380
2020-02-12T09:18:25.000Z,120.557772,13.824507,28,32540
2020-02-12T09:18:31.000Z,120.557537,13.82483,28,32480
2020-02-12T09:51:13.000Z,120.547363,13.964343,29,35840
2020-02-12T10:02:18.000Z,120.546158,14.013520000000002,29,35860
2020-02-12T10:02:24.000Z,120.546145,14.013985,29,35860
2020-02-12T10:02:31.000Z,120.546133,14.014452,29,35870
2020-02-12T10:03:37.000Z,120.545988,14.019368,29,35810
2020-02-12T10:03:55.000Z,120.54596,14.02072,29,35850
2020-02-12T10:04:55.000Z,120.545853,14.025187,29,35850
2020-02-12T10:10:42.000Z,120.545117,14.050885,29,35860
2020-02-12T10:11:37.000Z,120.544985,14.054947,29,35830
2020-02-12T10:11:55.000Z,120.544942,14.056282,29,35830
2020-02-12T10:12:01.000Z,120.544925,14.056743,29,35830
2020-02-12T10:12:13.000Z,120.544895,14.057613,29,35810
2020-02-12T10:12:55.000Z,120.544742,14.060688,29,35750
2020-02-12T10:13:25.000Z,120.544637,14.062957999999998,29,35830
2020-02-12T10:13:43.000Z,120.544602,14.064122,29,35820
2020-02-12T10:13:55.000Z,120.544573,14.065115,29,35820
2020-02-12T10:14:42.000Z,120.544457,14.06857,29,35800
2020-02-12T10:15:07.000Z,120.544398,14.07041,29,35810
2020-02-12T10:15:25.000Z,120.544357,14.071732999999998,29,35810
2020-02-12T10:15:31.000Z,120.544347,14.072078,29,35830
2020-02-12T10:15:55.000Z,120.544308,14.073912,28,35830
2020-02-12T10:16:13.000Z,120.544287,14.075248,29,35820
2020-02-12T10:16:25.000Z,120.544222,14.076107,29,35820
2020-02-12T10:16:31.000Z,120.544208,14.076507,29,35820
2020-02-12T10:16:43.000Z,120.544173,14.077362,28,35790
2020-02-12T10:17:31.000Z,120.544065,14.080882,29,35830
2020-02-12T10:18:37.000Z,120.54389,14.085665,29,35800
2020-02-12T10:18:43.000Z,120.543868,14.086185,29,35780
2020-02-12T10:19:07.000Z,120.543807,14.08786,29,35790
2020-02-12T10:19:12.000Z,120.543793,14.088323,29,35830
2020-02-12T10:19:25.000Z,120.543757,14.089187,29,35780
2020-02-12T10:19:31.000Z,120.54374,14.08965,29,35800
2020-02-12T10:19:43.000Z,120.543705,14.090513,29,35770
2020-02-12T10:19:56.000Z,120.543673,14.091497,29,35830
2020-02-12T10:20:07.000Z,120.543633,14.092301999999998,29,35740
2020-02-12T10:20:25.000Z,120.543577,14.093627,29,35780
2020-02-12T10:20:31.000Z,120.543558,14.094093,29,35770
2020-02-12T10:20:43.000Z,120.543522,14.09496,29,35770
2020-02-12T10:20:55.000Z,120.543482,14.095817000000002,29,35750
2020-02-12T10:21:01.000Z,120.543465,14.096218,29,35770
2020-02-12T10:21:13.000Z,120.543425,14.097085,29,35760
2020-02-12T10:21:31.000Z,120.543367,14.098463,29,35790
2020-02-12T10:21:43.000Z,120.543332,14.09927,29,35780
2020-02-12T10:21:55.000Z,120.54328999999998,14.100257999999998,29,35770
2020-02-12T10:22:01.000Z,120.543282,14.100612,29,35800
2020-02-12T10:22:19.000Z,120.543235,14.101962,29,35790
2020-02-12T10:22:31.000Z,120.543193,14.102892,29,35770
2020-02-12T10:22:43.000Z,120.543152,14.103762,29,35750
2020-02-12T10:23:01.000Z,120.543093,14.1051,29,35780
2020-02-12T10:23:12.000Z,120.543057,14.105913,29,35760
2020-02-12T10:23:25.000Z,120.543017,14.106845000000002,29,35750
2020-02-12T10:23:37.000Z,120.542983,14.107775,29,35790
2020-02-12T10:23:49.000Z,120.542953,14.108597,29,35810
2020-02-12T10:23:55.000Z,120.542935,14.10912,29,35820
2020-02-12T10:24:00.000Z,120.542925,14.109468,29,35820
2020-02-12T10:24:13.000Z,120.542892,14.110452,29,35820
2020-02-12T10:24:25.000Z,120.54286,14.111317,29,35810
2020-02-12T10:24:31.000Z,120.542843,14.111778,29,35800
2020-02-12T10:24:43.000Z,120.542813,14.112645,29,35810
2020-02-12T10:24:55.000Z,120.542778,14.113448000000002,29,35780
2020-02-12T10:25:01.000Z,120.542762,14.113908,29,35800
2020-02-12T10:25:13.000Z,120.542723,14.114768,29,35780
2020-02-12T10:25:25.000Z,120.54269,14.115635,29,35800
2020-02-12T10:25:31.000Z,120.542668,14.116093,29,35780
2020-02-12T10:25:44.000Z,120.54263,14.117013,29,35790
2020-02-12T10:26:01.000Z,120.542577,14.11828,29,35790
2020-02-12T10:26:25.000Z,120.54251200000002,14.120085,29,35800
2020-02-12T10:26:31.000Z,120.542495,14.120551999999998,29,35800
2020-02-12T10:26:43.000Z,120.54246,14.121427,29,35780
2020-02-12T10:26:55.000Z,120.542425,14.122297,29,35790
2020-02-12T10:27:01.000Z,120.542408,14.122762,29,35810
2020-02-12T10:27:13.000Z,120.542382,14.123643,29,35830
2020-02-12T10:27:25.000Z,120.54235,14.124518,29,35780
2020-02-12T10:27:31.000Z,120.542338,14.124987,29,35810
2020-02-12T10:27:49.000Z,120.542302,14.126267000000002,29,35820
2020-02-12T10:28:08.000Z,120.542268,14.127668,29,35860
2020-02-12T10:28:13.000Z,120.542255,14.128018,29,35830
2020-02-12T10:28:25.000Z,120.542228,14.12895,29,35840
2020-02-12T10:28:31.000Z,120.542218,14.129357,29,35850
2020-02-12T10:28:43.000Z,120.542195,14.13029,29,35830
2020-02-12T10:28:55.000Z,120.542172,14.131167,29,35800
2020-02-12T10:29:01.000Z,120.542162,14.131632000000002,29,35800
2020-02-12T10:29:12.000Z,120.542133,14.132507999999998,29,35790
2020-02-12T10:29:25.000Z,120.542097,14.133382,29,35800
2020-02-12T10:29:31.000Z,120.542072,14.133848,29,35790
2020-02-12T10:29:43.000Z,120.542032,14.134722,29,35780
2020-02-12T10:29:55.000Z,120.542,14.135593,29,35820
2020-02-12T10:30:01.000Z,120.541975,14.136057999999998,29,35800
2020-02-12T10:30:12.000Z,120.541943,14.136873,29,35780
2020-02-12T10:30:25.000Z,120.541917,14.137868,29,35840
2020-02-12T10:30:31.000Z,120.541908,14.138217,29,35860
2020-02-12T10:30:43.000Z,120.54188,14.13909,29,35850
2020-02-12T10:30:56.000Z,120.541848,14.140078,29,35840
2020-02-12T10:31:01.000Z,120.54183700000002,14.140428,29,35830
2020-02-12T10:31:12.000Z,120.54181,14.141363,29,35850
2020-02-12T10:31:25.000Z,120.541785,14.142242,29,35840
2020-02-12T10:31:31.000Z,120.541768,14.142712,29,35820
2020-02-12T10:31:48.000Z,120.541723,14.144058,29,35820
2020-02-12T10:31:56.000Z,120.541705,14.144585,29,35820
2020-02-12T10:32:01.000Z,120.541693,14.144932999999998,29,35810
2020-02-12T10:32:13.000Z,120.541663,14.145808,29,35820
2020-02-12T10:32:25.000Z,120.541627,14.146747,29,35830
2020-02-12T10:32:31.000Z,120.54161,14.147158,29,35820
2020-02-12T10:32:48.000Z,120.541558,14.14845,29,35800
2020-02-12T10:32:55.000Z,120.54154,14.148982,29,35820
2020-02-12T10:33:01.000Z,120.541523,14.149453,29,35830
2020-02-12T10:33:13.000Z,120.541492,14.150218,29,35830
2020-02-12T10:33:25.000Z,120.541452,14.151218,29,35820
2020-02-12T10:33:30.000Z,120.541442,14.151572,29,35820
2020-02-12T10:33:48.000Z,120.54141,14.152933,29,35840
2020-02-12T10:33:55.000Z,120.541408,14.15341,29,35900
2020-02-12T10:34:01.000Z,120.541392,14.153942,29,35880
2020-02-12T10:34:12.000Z,120.541362,14.154763,29,35840
2020-02-12T10:34:25.000Z,120.541323,14.155642000000002,29,35820
2020-02-12T10:34:30.000Z,120.54131,14.156112,29,35850
2020-02-12T10:34:43.000Z,120.541287,14.156993,29,35850
2020-02-12T10:34:55.000Z,120.541273,14.157947,29,35890
2020-02-12T10:35:01.000Z,120.541265,14.158423,29,35880
2020-02-12T10:35:19.000Z,120.541237,14.159793,29,35890
2020-02-12T10:35:25.000Z,120.541223,14.160198,29,35880
2020-02-12T10:35:37.000Z,120.541203,14.161073000000002,29,35900
2020-02-12T10:35:43.000Z,120.54119,14.161545000000002,29,35890
2020-02-12T10:35:54.000Z,120.541168,14.162427,29,35890
2020-02-12T10:36:02.000Z,120.541165,14.162903,29,35910
2020-02-12T10:36:13.000Z,120.541153,14.163795,29,35940
2020-02-12T10:36:25.000Z,120.541145,14.16468,29,35910
2020-02-12T10:36:30.000Z,120.541142,14.165095,30,35940
2020-02-12T10:36:43.000Z,120.541125,14.166038,29,35930
2020-02-12T10:36:55.000Z,120.54111,14.166863,29,35930
2020-02-12T10:37:01.000Z,120.54111,14.167402,30,35920
2020-02-12T10:37:13.000Z,120.541105,14.16825,30,35900
2020-02-12T10:37:25.000Z,120.541095,14.169277,29,35880
2020-02-12T10:37:30.000Z,120.541087,14.169635,29,35850
2020-02-12T10:37:43.000Z,120.541055,14.170583,29,35820
2020-02-12T10:37:55.000Z,120.541023,14.171467000000002,29,35850
2020-02-12T10:38:01.000Z,120.541012,14.171998,30,35880
2020-02-12T10:38:13.000Z,120.540992,14.172820000000002,29,35880
2020-02-12T10:38:26.000Z,120.540978,14.173708,29,35910
2020-02-12T10:38:37.000Z,120.54096,14.174595000000002,29,35870
2020-02-12T10:38:43.000Z,120.540952,14.175065,29,35900
2020-02-12T10:38:55.000Z,120.540927,14.175945,29,35900
2020-02-12T10:39:01.000Z,120.54091,14.176413,29,35880
2020-02-12T10:39:13.000Z,120.540878,14.177292,29,35850
2020-02-12T10:39:25.000Z,120.54085,14.178232,29,35840
2020-02-12T10:39:37.000Z,120.540817,14.17911,29,35780
2020-02-12T10:39:43.000Z,120.540797,14.179575,29,35780
2020-02-12T10:39:54.000Z,120.54076200000002,14.18039,29,35790
2020-02-12T10:40:01.000Z,120.540738,14.18091,29,35790
2020-02-12T10:40:13.000Z,120.540702,14.181722,29,35770
2020-02-12T10:40:31.000Z,120.540627,14.183115,29,35730
2020-02-12T10:40:43.000Z,120.540613,14.183937,29,35810
2020-02-12T10:40:54.000Z,120.540653,14.184798,28,230
2020-02-12T10:41:01.000Z,120.540683,14.185312,28,320
2020-02-12T10:41:12.000Z,120.540773,14.186093,28,620
2020-02-12T10:41:25.000Z,120.540928,14.186972,28,1010
2020-02-12T10:41:31.000Z,120.541028,14.187347,28,1260
2020-02-12T10:42:01.000Z,120.541617,14.189432,27,1680
2020-02-12T10:42:12.000Z,120.541853,14.190173,28,1740
2020-02-12T10:42:25.000Z,120.54213500000002,14.191023,28,1810
2020-02-12T10:42:31.000Z,120.542278,14.19145,27,1810
2020-02-12T10:42:43.000Z,120.542568,14.192253,28,1910
2020-02-12T10:42:55.000Z,120.542843,14.192993,28,1970
2020-02-12T10:43:01.000Z,120.54302,14.19347,28,1980
2020-02-12T10:43:12.000Z,120.543293,14.194207999999998,28,2000
2020-02-12T10:43:25.000Z,120.543612,14.195048000000002,28,2050
2020-02-12T10:43:31.000Z,120.543795,14.195520000000002,28,2080
2020-02-12T10:43:43.000Z,120.544067,14.196257999999998,28,2010
2020-02-12T10:43:54.000Z,120.544367,14.197043,28,2070
2020-02-12T10:44:01.000Z,120.544523,14.197463,28,2040
2020-02-12T10:44:13.000Z,120.544817,14.198248,28,2020
2020-02-12T10:44:25.000Z,120.54512,14.199042000000002,28,2060
2020-02-12T10:44:32.000Z,120.54528,14.199462,28,2070
2020-02-12T10:44:43.000Z,120.54558,14.200253,28,2050
2020-02-12T10:44:54.000Z,120.545858,14.200988,28,2060
2020-02-12T10:45:01.000Z,120.546037,14.201462,28,2050
2020-02-12T10:45:13.000Z,120.54631299999998,14.202198,28,2050
2020-02-12T10:45:25.000Z,120.54665,14.203085,28,2050
2020-02-12T10:45:31.000Z,120.54679,14.20345,28,2040
2020-02-12T10:45:42.000Z,120.547073,14.204187,28,2060
2020-02-12T10:45:55.000Z,120.547392,14.205008,27,2060
2020-02-12T10:46:01.000Z,120.547535,14.205373000000002,28,2060
2020-02-12T10:46:13.000Z,120.547857,14.206193,28,2090
2020-02-12T10:46:25.000Z,120.54816,14.206976999999998,28,2080
2020-02-12T10:46:30.000Z,120.548327,14.2074,28,2070
2020-02-12T10:46:42.000Z,120.548613,14.208135,28,2080
2020-02-12T10:46:54.000Z,120.548933,14.208978,28,2050
2020-02-12T10:47:00.000Z,120.549077,14.209343,28,2080
2020-02-12T10:47:12.000Z,120.549378,14.210128,28,2070
2020-02-12T10:47:25.000Z,120.549722,14.21102,28,2080
2020-02-12T10:47:31.000Z,120.549843,14.211332999999998,28,2080
2020-02-12T10:47:42.000Z,120.550145,14.212113,27,2080
2020-02-12T10:47:54.000Z,120.55047,14.212957,28,2050
2020-02-12T10:48:00.000Z,120.55061299999998,14.21332,27,2080
2020-02-12T10:48:13.000Z,120.55093,14.214158,27,2070
2020-02-12T10:48:25.000Z,120.551245,14.214995000000002,27,2050
2020-02-12T10:48:31.000Z,120.55138999999998,14.21536,28,2070
2020-02-12T10:48:42.000Z,120.551695,14.216147,28,2080
2020-02-12T10:48:56.000Z,120.552018,14.216985,28,2070
2020-02-12T10:49:06.000Z,120.552323,14.217773,28,2080
2020-02-12T10:49:13.000Z,120.552463,14.218142000000002,28,2060
2020-02-12T10:49:25.000Z,120.552768,14.218928,28,2080
2020-02-12T10:49:31.000Z,120.55293,14.219348000000002,28,2060
2020-02-12T10:49:43.000Z,120.553232,14.220132,28,2050
2020-02-12T10:49:55.000Z,120.553575,14.221023,28,2050
2020-02-12T10:50:00.000Z,120.553678,14.221288,28,2060
2020-02-12T10:50:13.000Z,120.554027,14.222187,28,2060
2020-02-12T10:50:25.000Z,120.554338,14.222982,28,2090
2020-02-12T10:50:30.000Z,120.55446299999998,14.223295000000002,28,2090
2020-02-12T10:50:43.000Z,120.554805,14.224193,28,2060
2020-02-12T10:50:55.000Z,120.555112,14.224982999999998,28,2080
2020-02-12T10:51:00.000Z,120.55525,14.225352,28,2050
2020-02-12T10:51:13.000Z,120.555555,14.226138,28,2080
2020-02-12T10:51:25.000Z,120.555857,14.226928,28,2050
2020-02-12T10:51:31.000Z,120.556018,14.227348,28,2080
2020-02-12T10:51:43.000Z,120.55636,14.228237,27,2050
2020-02-12T10:51:56.000Z,120.556658,14.229020000000002,27,2050
2020-02-12T10:52:00.000Z,120.556777,14.229333,28,2050
2020-02-12T10:52:13.000Z,120.557095,14.230165,28,2060
2020-02-12T10:52:25.000Z,120.557388,14.230942,27,2040
2020-02-12T10:52:30.000Z,120.557525,14.231305,28,2050
2020-02-12T10:52:43.000Z,120.55786,14.232185,28,2060
2020-02-12T10:52:55.000Z,120.55816000000002,14.232968,28,2060
2020-02-12T10:53:00.000Z,120.55828,14.23328,27,2060
2020-02-12T10:53:12.000Z,120.558597,14.234108,27,2060
2020-02-12T10:53:24.000Z,120.558875,14.234828,27,2060
2020-02-12T10:53:31.000Z,120.55905,14.235292,27,2040
2020-02-12T10:53:43.000Z,120.55935,14.236068,27,2060
2020-02-12T10:53:55.000Z,120.559672,14.236903,27,2060
2020-02-12T10:54:01.000Z,120.559817,14.237267,27,2100
2020-02-12T10:54:13.000Z,120.560137,14.238093,27,2080
2020-02-12T10:54:20.000Z,120.560258,14.238403,27,2090
2020-02-12T10:54:30.000Z,120.560557,14.239182,27,2070
2020-02-12T10:54:43.000Z,120.560895,14.240072,27,2040
2020-02-12T10:54:55.000Z,120.561193,14.240854999999998,27,2040
2020-02-12T10:55:01.000Z,120.561333,14.241220000000002,27,2050
2020-02-12T10:55:13.000Z,120.56163,14.242,27,2050
2020-02-12T10:55:24.000Z,120.561932,14.242783,27,2060
2020-02-12T10:55:30.000Z,120.56209,14.243198,27,2060
2020-02-12T10:55:43.000Z,120.562432,14.24408,27,2000
2020-02-12T10:55:55.000Z,120.562725,14.244868,27,2020
2020-02-12T10:56:00.000Z,120.562843,14.245182000000002,27,2040
2020-02-12T10:56:13.000Z,120.563158,14.24602,27,2020
2020-02-12T10:56:25.000Z,120.563452,14.246803,28,2010
2020-02-12T10:56:30.000Z,120.563593,14.247168,28,2050
2020-02-12T10:56:43.000Z,120.563903,14.248002,28,1990
2020-02-12T10:56:55.000Z,120.564173,14.248793,27,1830
2020-02-12T10:57:01.000Z,120.564325,14.249213,27,1920
2020-02-12T10:57:12.000Z,120.564645,14.249982,27,2200
2020-02-12T10:57:24.000Z,120.56493,14.250704999999998,27,2160
2020-02-12T10:57:31.000Z,120.565123,14.251102,27,2420
2020-02-12T10:57:43.000Z,120.565505,14.251888,27,2500
2020-02-12T10:57:56.000Z,120.565945,14.252645,27,2960
2020-02-12T10:58:01.000Z,120.566113,14.252928,27,2990
2020-02-12T10:58:13.000Z,120.566552,14.253618,27,3200
2020-02-12T10:58:24.000Z,120.567077,14.254326999999998,27,3520
2020-02-12T10:58:31.000Z,120.567308,14.254638,27,3560
2020-02-12T10:58:43.000Z,120.56787,14.255385,27,3630
2020-02-12T10:58:50.000Z,120.568143,14.255735,27,3680
2020-02-12T10:59:01.000Z,120.568622,14.256335,27,3770
2020-02-12T10:59:13.000Z,120.569135,14.256982,27,3790
2020-02-12T10:59:24.000Z,120.56961499999998,14.257583,27,3800
2020-02-12T10:59:31.000Z,120.569923,14.257965,27,3810
2020-02-12T10:59:43.000Z,120.57044,14.258612,27,3790
2020-02-12T10:59:50.000Z,120.570718,14.258957,27,3790
2020-02-12T11:00:02.000Z,120.571288,14.259642,27,3840
2020-02-12T11:00:13.000Z,120.571743,14.260232,27,3800
2020-02-12T11:00:24.000Z,120.572288,14.260917,27,3810
2020-02-12T11:00:30.000Z,120.572533,14.261218,27,3830
2020-02-12T11:00:43.000Z,120.57312,14.261953,27,3800
2020-02-12T11:00:50.000Z,120.573397,14.262298,27,3810
2020-02-12T11:01:00.000Z,120.573878,14.26291,27,3770
2020-02-12T11:01:12.000Z,120.574398,14.263557999999998,27,3800
2020-02-12T11:01:24.000Z,120.574915,14.264212,27,3780
2020-02-12T11:01:30.000Z,120.575192,14.264555,27,3820
2020-02-12T11:01:43.000Z,120.575735,14.265245000000002,27,3790
2020-02-12T11:01:50.000Z,120.57601499999998,14.265595,27,3790
2020-02-12T11:02:00.000Z,120.576502,14.266198,27,3810
2020-02-12T11:02:13.000Z,120.577012,14.266845000000002,27,3780
2020-02-12T11:02:24.000Z,120.577487,14.267448000000002,27,3790
2020-02-12T11:02:31.000Z,120.57779,14.267833,27,3770
2020-02-12T11:02:43.000Z,120.57833,14.268515,27,3800
2020-02-12T11:02:55.000Z,120.578843,14.269157,27,3790
2020-02-12T11:03:00.000Z,120.579047,14.269415,27,3770
2020-02-12T11:03:12.000Z,120.579625,14.270137,27,3810
2020-02-12T11:03:24.000Z,120.580093,14.270738,27,3780
2020-02-12T11:03:32.000Z,120.5804,14.271122,27,3790
2020-02-12T11:03:43.000Z,120.580902,14.271763,27,3770
2020-02-12T11:03:50.000Z,120.581172,14.272102,27,3800
2020-02-12T11:04:00.000Z,120.581645,14.272702,27,3760
2020-02-12T11:04:12.000Z,120.582162,14.27334,27,3790
2020-02-12T11:04:24.000Z,120.582698,14.274023,27,3780
2020-02-12T11:04:31.000Z,120.582965,14.274368,27,3770
2020-02-12T11:04:42.000Z,120.583433,14.274968,27,3760
2020-02-12T11:04:55.000Z,120.583972,14.275657,27,3760
2020-02-12T11:05:00.000Z,120.58421,14.27596,27,3760
2020-02-12T11:05:12.000Z,120.584758,14.276652,27,3780
2020-02-12T11:05:24.000Z,120.585268,14.277297,27,3750
2020-02-12T11:05:31.000Z,120.585543,14.27764,27,3750
2020-02-12T11:05:42.000Z,120.58605,14.27829,27,3760
2020-02-12T11:05:55.000Z,120.586567,14.27894,27,3760
2020-02-12T11:06:00.000Z,120.58684,14.27929,27,3750
2020-02-12T11:06:12.000Z,120.587348,14.279942000000002,27,3730
2020-02-12T11:06:24.000Z,120.587832,14.28055,27,3770
2020-02-12T11:06:30.000Z,120.588107,14.280897,27,3770
2020-02-12T11:06:42.000Z,120.588613,14.281538,27,3770
2020-02-12T11:06:55.000Z,120.589183,14.282268,27,3740
2020-02-12T11:07:00.000Z,120.589388,14.282526999999998,27,3770
2020-02-12T11:07:13.000Z,120.58996,14.283253,27,3770
2020-02-12T11:07:25.000Z,120.590428,14.283852,27,3760
2020-02-12T11:07:30.000Z,120.590697,14.284192,27,3770
2020-02-12T11:07:42.000Z,120.591198,14.284832000000002,27,3760
2020-02-12T11:07:55.000Z,120.59174,14.285520000000002,27,3760
2020-02-12T11:08:07.000Z,120.59221200000002,14.286122,27,3770
2020-02-12T11:08:13.000Z,120.592482,14.286467000000002,27,3770
2020-02-12T11:08:25.000Z,120.592988,14.28711,27,3770
2020-02-12T11:08:30.000Z,120.593262,14.287451999999998,27,3780
2020-02-12T11:08:42.000Z,120.59377,14.288095000000002,27,3780
2020-02-12T11:08:55.000Z,120.594317,14.288788,27,3760
2020-02-12T11:09:00.000Z,120.594555,14.28909,27,3760
2020-02-12T11:09:13.000Z,120.5951,14.28978,27,3770
2020-02-12T11:09:25.000Z,120.595615,14.290425,27,3790
2020-02-12T11:09:30.000Z,120.595822,14.290682,27,3790
2020-02-12T11:09:42.000Z,120.596372,14.291368,27,3790
2020-02-12T11:09:55.000Z,120.59691200000002,14.29206,27,3760
2020-02-12T11:10:06.000Z,120.59739,14.292663,27,3780
2020-02-12T11:10:13.000Z,120.597698,14.293052,27,3760
2020-02-12T11:10:24.000Z,120.59817,14.29365,27,3750
2020-02-12T11:10:31.000Z,120.598475,14.294015,27,3760
2020-02-12T11:10:43.000Z,120.598952,14.294607999999998,27,3780
2020-02-12T11:10:55.000Z,120.59953,14.295329999999998,27,3780
2020-02-12T11:11:01.000Z,120.599733,14.295592,27,3760
2020-02-12T11:11:19.000Z,120.600538,14.29662,27,3770
2020-02-12T11:11:31.000Z,120.60101,14.297222,27,3770
2020-02-12T11:11:43.000Z,120.601547,14.2979,27,3770
2020-02-12T11:11:56.000Z,120.602057,14.29854,27,3780
2020-02-12T11:12:07.000Z,120.602563,14.299179999999998,27,3780
2020-02-12T11:12:13.000Z,120.602832,14.29952,27,3770
2020-02-12T11:12:31.000Z,120.603607,14.300502,27,3750
2020-02-12T11:12:43.000Z,120.60412,14.301132999999998,27,3770
2020-02-12T11:12:55.000Z,120.604662,14.30182,27,3780
2020-02-12T11:13:01.000Z,120.604898,14.302122,27,3780
2020-02-12T11:13:13.000Z,120.605435,14.30281,27,3740
2020-02-12T11:13:31.000Z,120.606205,14.30379,27,3750
2020-02-12T11:13:43.000Z,120.60668,14.304385,27,3790
2020-02-12T11:13:55.000Z,120.607225,14.305058,27,3850
2020-02-12T11:14:01.000Z,120.6075,14.305397,27,3830
2020-02-12T11:14:13.000Z,120.608018,14.306029999999998,27,3830
2020-02-12T11:14:31.000Z,120.608772,14.306945,27,3860
2020-02-12T11:14:43.000Z,120.609288,14.307570000000002,27,3880
2020-02-12T11:14:54.000Z,120.609807,14.308193,27,3860
2020-02-12T11:15:01.000Z,120.610083,14.30853,27,3880
2020-02-12T11:15:12.000Z,120.610602,14.309157,27,3880
2020-02-12T11:15:25.000Z,120.61118700000002,14.309863,27,3870
2020-02-12T11:15:31.000Z,120.61139,14.310113,26,3870
2020-02-12T11:15:48.000Z,120.612182,14.311082,27,3860
2020-02-12T11:15:54.000Z,120.612457,14.311418,27,3870
2020-02-12T11:16:01.000Z,120.612735,14.31176,27,3870
2020-02-12T11:16:12.000Z,120.613218,14.31235,27,3880
2020-02-12T11:16:25.000Z,120.613768,14.313025,27,3860
2020-02-12T11:16:32.000Z,120.614042,14.31336,27,3870
2020-02-12T11:16:43.000Z,120.614562,14.31399,27,3880
2020-02-12T11:16:54.000Z,120.615047,14.31458,27,3870
2020-02-12T11:17:01.000Z,120.615358,14.314957,27,3880
2020-02-12T11:17:12.000Z,120.615843,14.315538,27,3900
2020-02-12T11:17:25.000Z,120.61643,14.316243,27,3910
2020-02-12T11:17:31.000Z,120.616668,14.316537,27,3880
2020-02-12T11:17:43.000Z,120.617223,14.317207000000002,27,3890
2020-02-12T11:17:56.000Z,120.61771,14.317797,27,3880
2020-02-12T11:18:02.000Z,120.617952,14.31809,27,3880
2020-02-12T11:18:12.000Z,120.618502,14.318748,27,3900
2020-02-12T11:18:25.000Z,120.619052,14.31941,27,3880
2020-02-12T11:18:31.000Z,120.619293,14.319698,27,3900
2020-02-12T11:18:43.000Z,120.619842,14.320363,27,3880
2020-02-12T11:18:55.000Z,120.620333,14.32095,27,3910
2020-02-12T11:19:02.000Z,120.620613,14.321285,27,3910
2020-02-12T11:19:12.000Z,120.621135,14.321912,27,3890
2020-02-12T11:19:25.000Z,120.62173,14.32262,27,3930
2020-02-12T11:19:31.000Z,120.621938,14.322873,27,3910
2020-02-12T11:19:43.000Z,120.62246299999998,14.323505,27,3910
2020-02-12T11:19:55.000Z,120.623028,14.324187,27,3900
2020-02-12T11:20:01.000Z,120.623272,14.324487,27,3880
2020-02-12T11:20:12.000Z,120.62376,14.325075,27,3920
2020-02-12T11:20:25.000Z,120.62437,14.325775,27,4010
2020-02-12T11:20:31.000Z,120.62466,14.326107,27,4010
2020-02-12T11:20:43.000Z,120.625195,14.326718,27,4060
2020-02-12T11:20:55.000Z,120.625748,14.327327,27,4170
2020-02-12T11:21:01.000Z,120.626008,14.32761,27,4190
2020-02-12T11:21:12.000Z,120.626577,14.328223,27,4230
2020-02-12T11:21:25.000Z,120.627183,14.328867,27,4270
2020-02-12T11:21:31.000Z,120.627452,14.329145,27,4310
2020-02-12T11:21:43.000Z,120.62802,14.329743,27,4290
2020-02-12T11:21:55.000Z,120.628588,14.330347,27,4290
2020-02-12T11:22:01.000Z,120.628898,14.330663,27,4340
2020-02-12T11:22:12.000Z,120.629485,14.331257,27,4400
2020-02-12T11:22:26.000Z,120.630105,14.331877,27,4450
2020-02-12T11:22:31.000Z,120.630378,14.332147,27,4470
2020-02-12T11:22:43.000Z,120.631008,14.332757999999998,27,4500
2020-02-12T11:22:55.000Z,120.631603,14.333327,27,4540
2020-02-12T11:23:01.000Z,120.63192,14.33363,27,4540
2020-02-12T11:23:12.000Z,120.632473,14.334163,27,4530
2020-02-12T11:23:25.000Z,120.6331,14.33477,27,4530
2020-02-12T11:23:31.000Z,120.633418,14.335072,27,4550
2020-02-12T11:23:42.000Z,120.634018,14.335642000000002,27,4550
2020-02-12T11:23:55.000Z,120.63466,14.336253,27,4550
2020-02-12T11:24:01.000Z,120.634902,14.336487,27,4550
2020-02-12T11:24:12.000Z,120.635505,14.337065,27,4550
2020-02-12T11:24:25.000Z,120.636182,14.337722,27,4520
2020-02-12T11:24:31.000Z,120.636423,14.337955,27,4540
2020-02-12T11:24:43.000Z,120.637068,14.338572,27,4530
2020-02-12T11:24:55.000Z,120.637713,14.339195000000002,27,4530
2020-02-12T11:25:01.000Z,120.637952,14.339429999999998,27,4510
2020-02-12T11:25:13.000Z,120.638595,14.340062,27,4530
2020-02-12T11:25:20.000Z,120.638875,14.340337,27,4510
2020-02-12T11:25:31.000Z,120.639513,14.340958,27,4530
2020-02-12T11:25:43.000Z,120.64011,14.341542,27,4520
2020-02-12T11:26:01.000Z,120.641032,14.342435,27,4520
2020-02-12T11:26:12.000Z,120.64163700000002,14.343027,27,4500
2020-02-12T11:26:25.000Z,120.642273,14.343647,27,4500
2020-02-12T11:26:31.000Z,120.642553,14.343918,27,4510
2020-02-12T11:26:43.000Z,120.643105,14.34445,27,4510
2020-02-12T11:26:55.000Z,120.643778,14.3451,27,4510
2020-02-12T11:27:01.000Z,120.644053,14.345367,27,4500
2020-02-12T11:27:13.000Z,120.644697,14.345988,27,4510
2020-02-12T11:27:25.000Z,120.6453,14.346572,27,4500
2020-02-12T11:27:31.000Z,120.645622,14.346878,27,4520
2020-02-12T11:27:42.000Z,120.646205,14.347407,27,4720
2020-02-12T11:27:55.000Z,120.646833,14.348033,27,4540
2020-02-12T11:28:01.000Z,120.64711,14.348304999999998,27,4520
2020-02-12T11:28:13.000Z,120.647707,14.348887,27,4510
2020-02-12T11:28:27.000Z,120.648342,14.349503,27,4500
2020-02-12T11:28:37.000Z,120.64889,14.350042000000002,27,4490
2020-02-12T11:28:43.000Z,120.649205,14.350352,27,4490
2020-02-12T11:28:55.000Z,120.649873,14.351007,27,4500
2020-02-12T11:29:01.000Z,120.650108,14.351237,27,4500
2020-02-12T11:29:13.000Z,120.650702,14.351817,27,4490
2020-02-12T11:29:25.000Z,120.651338,14.352437,27,4500
2020-02-12T11:29:31.000Z,120.651615,14.352707,27,4510
2020-02-12T11:29:43.000Z,120.65217,14.353245,27,4520
2020-02-12T11:29:56.000Z,120.652845,14.353908,27,4510
2020-02-12T11:30:01.000Z,120.653167,14.354218,27,4530
2020-02-12T11:30:13.000Z,120.653765,14.354797,27,4530
2020-02-12T11:30:25.000Z,120.654328,14.355337,27,4530
2020-02-12T11:30:31.000Z,120.654648,14.355645,27,4520
2020-02-12T11:30:43.000Z,120.655248,14.356225,27,4520
2020-02-12T11:30:55.000Z,120.655885,14.356838,27,4520
2020-02-12T11:31:01.000Z,120.656167,14.357107,27,4540
2020-02-12T11:31:13.000Z,120.656762,14.357682999999998,27,4510
2020-02-12T11:31:25.000Z,120.657358,14.358262,27,4500
2020-02-12T11:31:31.000Z,120.657675,14.358568,27,4500
2020-02-12T11:31:43.000Z,120.658275,14.359147,27,4500
2020-02-12T11:31:55.000Z,120.658948,14.359801999999998,27,4520
2020-02-12T11:32:01.000Z,120.659188,14.360033,27,4530
2020-02-12T11:32:13.000Z,120.659777,14.360608,27,4510
2020-02-12T11:32:24.000Z,120.660405,14.361217000000002,27,4520
2020-02-12T11:32:31.000Z,120.660683,14.361482999999998,27,4520
2020-02-12T11:32:43.000Z,120.661307,14.362093,27,4510
2020-02-12T11:32:55.000Z,120.661898,14.362668,27,4530
2020-02-12T11:33:01.000Z,120.662217,14.362975,27,4540
2020-02-12T11:33:13.000Z,120.66281200000002,14.363552,27,4530
2020-02-12T11:33:24.000Z,120.663375,14.364087,27,4530
2020-02-12T11:33:31.000Z,120.663692,14.364393,27,4530
2020-02-12T11:33:43.000Z,120.664323,14.365008,27,4530
2020-02-12T11:34:01.000Z,120.665193,14.365848000000002,27,4530
2020-02-12T11:34:13.000Z,120.66579,14.366422,27,4550
2020-02-12T11:34:25.000Z,120.666387,14.366997,27,4520
2020-02-12T11:34:31.000Z,120.666707,14.367303,27,4530
2020-02-12T11:34:43.000Z,120.667315,14.367862,27,4640
2020-02-12T11:35:00.000Z,120.66818,14.368782,27,4250
2020-02-12T11:35:13.000Z,120.668782,14.369418,27,4250
2020-02-12T11:35:25.000Z,120.669333,14.370032,27,4110
2020-02-12T11:35:31.000Z,120.669585,14.370318,27,4070
2020-02-12T11:35:43.000Z,120.670162,14.370982,27,4050
2020-02-12T11:35:55.000Z,120.670698,14.3716,27,4030
2020-02-12T11:36:00.000Z,120.67091299999998,14.37185,27,4020
2020-02-12T11:36:13.000Z,120.671513,14.372557,27,3960
2020-02-12T11:36:25.000Z,120.67205,14.373182,27,3990
2020-02-12T11:36:31.000Z,120.672265,14.373432,27,4000
2020-02-12T11:36:43.000Z,120.672877,14.374143,27,4000
2020-02-12T11:36:55.000Z,120.673417,14.374770000000002,27,3990
2020-02-12T11:37:00.000Z,120.673668,14.375062,27,4000
2020-02-12T11:37:13.000Z,120.674213,14.375687,27,4020
2020-02-12T11:37:25.000Z,120.674793,14.376363,27,4010
2020-02-12T11:37:30.000Z,120.67509,14.37671,27,3990
2020-02-12T11:37:43.000Z,120.67561,14.377318,27,4000
2020-02-12T11:37:55.000Z,120.67613,14.37793,27,3980
2020-02-12T11:38:00.000Z,120.67641299999998,14.378258,27,3980
2020-02-12T11:38:13.000Z,120.676945,14.378882,27,3970
2020-02-12T11:38:25.000Z,120.67749,14.379507,27,4000
2020-02-12T11:38:31.000Z,120.677778,14.379837,27,4020
2020-02-12T11:38:43.000Z,120.67832,14.380455,27,4020
2020-02-12T11:38:55.000Z,120.678893,14.381118,27,3990
2020-02-12T11:39:00.000Z,120.679145,14.38141,27,3990
2020-02-12T11:39:13.000Z,120.679722,14.382078,27,3990
2020-02-12T11:39:25.000Z,120.680262,14.382707,27,4010
2020-02-12T11:39:31.000Z,120.680515,14.382995,27,4020
2020-02-12T11:39:43.000Z,120.681092,14.383658,27,4020
2020-02-12T11:39:55.000Z,120.681633,14.384285,27,4030
2020-02-12T11:40:01.000Z,120.68185,14.384533,27,4040
2020-02-12T11:40:13.000Z,120.682427,14.385207,27,4020
2020-02-12T11:40:25.000Z,120.683005,14.385879999999998,27,4020
2020-02-12T11:40:31.000Z,120.683258,14.386173,27,4020
2020-02-12T11:40:43.000Z,120.68383500000002,14.386847,27,3990
2020-02-12T11:40:55.000Z,120.684377,14.387475,27,4010
2020-02-12T11:41:01.000Z,120.684632,14.387770000000002,27,4010
2020-02-12T11:41:13.000Z,120.685175,14.388402,27,3990
2020-02-12T11:41:25.000Z,120.685792,14.389107,27,4010
2020-02-12T11:41:31.000Z,120.686007,14.389357,27,4010
2020-02-12T11:41:43.000Z,120.686547,14.389983,27,4000
2020-02-12T11:41:55.000Z,120.687128,14.390657,27,4000
2020-02-12T11:42:01.000Z,120.68738,14.390953,27,3970
2020-02-12T11:42:13.000Z,120.687995,14.39167,27,4000
2020-02-12T11:42:25.000Z,120.6885,14.392262,27,4000
2020-02-12T11:42:31.000Z,120.688752,14.392557,27,4000
2020-02-12T11:42:43.000Z,120.689328,14.393232,27,4000
2020-02-12T11:42:55.000Z,120.689863,14.393863,27,3980
2020-02-12T11:43:01.000Z,120.690152,14.394203,27,3980
2020-02-12T11:43:13.000Z,120.690693,14.394832,27,3990
2020-02-12T11:43:25.000Z,120.69124,14.395457999999998,27,4020
2020-02-12T11:43:31.000Z,120.691492,14.39575,27,4000
2020-02-12T11:43:43.000Z,120.692068,14.396425,27,4000
2020-02-12T11:44:01.000Z,120.692865,14.397352,27,4020
2020-02-12T11:44:14.000Z,120.693448,14.398027,27,4000
2020-02-12T11:44:25.000Z,120.694035,14.398703,27,4010
2020-02-12T11:44:31.000Z,120.694253,14.398958,27,3990
2020-02-12T11:44:43.000Z,120.694867,14.399677,27,3970
2020-02-12T11:44:55.000Z,120.69537,14.40027,27,3970
2020-02-12T11:45:01.000Z,120.695622,14.400565,27,3980
2020-02-12T11:45:13.000Z,120.696233,14.401277,27,4000
2020-02-12T11:45:31.000Z,120.697005,14.402165,27,4000
2020-02-12T11:45:44.000Z,120.697583,14.402845,27,3980
2020-02-12T11:45:55.000Z,120.698125,14.403477,27,4010
2020-02-12T11:46:01.000Z,120.698415,14.403812,27,4010
2020-02-12T11:46:13.000Z,120.698952,14.404438,27,4000
2020-02-12T11:46:25.000Z,120.699493,14.405072,27,4000
2020-02-12T11:46:30.000Z,120.699748,14.405367000000002,27,4010
2020-02-12T11:46:43.000Z,120.70028700000002,14.405998,27,4000
2020-02-12T11:46:55.000Z,120.700858,14.406668,27,3990
2020-02-12T11:47:01.000Z,120.701108,14.40696,27,3990
2020-02-12T11:47:13.000Z,120.701677,14.407618,27,4020
2020-02-12T11:47:20.000Z,120.701963,14.407951999999998,27,4010
2020-02-12T11:47:30.000Z,120.702465,14.408535,27,4000
2020-02-12T11:47:43.000Z,120.703005,14.409165,27,4000
2020-02-12T11:47:55.000Z,120.70357,14.409857,27,3950
2020-02-12T11:48:01.000Z,120.703897,14.410228,27,3990
2020-02-12T11:48:13.000Z,120.70444,14.410848,27,4010
2020-02-12T11:48:25.000Z,120.704983,14.411475,27,4010
2020-02-12T11:48:31.000Z,120.705238,14.411768,27,4030
2020-02-12T11:48:43.000Z,120.705783,14.4124,27,4020
2020-02-12T11:48:55.000Z,120.706327,14.41303,27,4010
2020-02-12T11:49:01.000Z,120.706615,14.413365,27,4000
2020-02-12T11:49:13.000Z,120.707152,14.413988,27,4010
2020-02-12T11:49:26.000Z,120.707692,14.414613,27,4010
2020-02-12T11:49:37.000Z,120.708273,14.41529,27,4020
2020-02-12T11:49:43.000Z,120.708535,14.415603,27,4010
2020-02-12T11:49:55.000Z,120.709122,14.416282,27,4030
2020-02-12T11:50:01.000Z,120.709373,14.416568,27,4020
2020-02-12T11:50:13.000Z,120.709877,14.417143,27,4020
2020-02-12T11:50:25.000Z,120.710487,14.417843,27,4020
2020-02-12T11:50:31.000Z,120.710702,14.418092,27,4030
2020-02-12T11:50:43.000Z,120.711313,14.418802,27,4010
2020-02-12T11:50:55.000Z,120.711818,14.419382999999998,27,4010
2020-02-12T11:51:01.000Z,120.712143,14.419755,27,4030
2020-02-12T11:51:13.000Z,120.712648,14.420333,27,4030
2020-02-12T11:51:31.000Z,120.713478,14.421288,27,4030
2020-02-12T11:51:43.000Z,120.714018,14.421913,27,4030
2020-02-12T11:51:55.000Z,120.714557,14.422538,27,4010
2020-02-12T11:52:01.000Z,120.714842,14.422868,27,4020
2020-02-12T11:52:12.000Z,120.715378,14.423487,27,4030
2020-02-12T11:52:25.000Z,120.71595,14.424143,27,4030
2020-02-12T11:52:31.000Z,120.716202,14.424433,27,4020
2020-02-12T11:52:43.000Z,120.716773,14.425097,27,4010
2020-02-12T11:52:55.000Z,120.717312,14.425722,27,4020
2020-02-12T11:53:02.000Z,120.71756299999998,14.426013,27,4010
2020-02-12T11:53:13.000Z,120.7181,14.426637,27,4020
2020-02-12T11:53:25.000Z,120.718677,14.427307,27,4040
2020-02-12T11:53:30.000Z,120.718895,14.427558,27,4040
2020-02-12T11:53:43.000Z,120.719512,14.42827,27,4050
2020-02-12T11:53:54.000Z,120.720017,14.428855,27,4040
2020-02-12T11:54:01.000Z,120.720305,14.429188,27,4030
2020-02-12T11:54:12.000Z,120.720847,14.429813,27,4030
2020-02-12T11:54:25.000Z,120.72146,14.430522,27,4030
2020-02-12T11:54:31.000Z,120.721678,14.430772,27,4020
2020-02-12T11:54:43.000Z,120.722218,14.431397,27,4010
2020-02-12T11:54:55.000Z,120.722795,14.432062,27,4010
2020-02-12T11:55:01.000Z,120.723047,14.43235,27,4020
2020-02-12T11:55:12.000Z,120.723623,14.433012,27,4020
2020-02-12T11:55:25.000Z,120.724155,14.43364,27,3930
2020-02-12T11:55:31.000Z,120.724368,14.433892000000002,27,3940
2020-02-12T11:55:42.000Z,120.725002,14.434582,27,4190
2020-02-12T11:55:55.000Z,120.725565,14.435187,27,4210
2020-02-12T11:56:00.000Z,120.725867,14.435512,27,4250
2020-02-12T11:56:12.000Z,120.726413,14.436058,27,4430
2020-02-12T11:56:24.000Z,120.727008,14.436635,27,4510
2020-02-12T11:56:30.000Z,120.727325,14.436943,27,4520
2020-02-12T11:56:42.000Z,120.72792,14.437522,27,4540
2020-02-12T11:56:55.000Z,120.728603,14.43817,27,4590
2020-02-12T11:57:01.000Z,120.728845,14.438393,27,4630
2020-02-12T11:57:13.000Z,120.729543,14.43903,27,4690
2020-02-12T11:57:25.000Z,120.730113,14.439555,27,4680
2020-02-12T11:57:30.000Z,120.730402,14.439817,27,4690
2020-02-12T11:57:42.000Z,120.731058,14.440407,27,4720
2020-02-12T11:57:55.000Z,120.73171200000002,14.440995,27,4720
2020-02-12T11:58:00.000Z,120.732,14.441253,27,4730
2020-02-12T11:58:13.000Z,120.732658,14.44184,27,4740
2020-02-12T11:58:24.000Z,120.733232,14.442355,27,4730
2020-02-12T11:58:30.000Z,120.73356,14.442648000000002,27,4740
2020-02-12T11:58:42.000Z,120.734178,14.443197,27,4760
2020-02-12T11:58:55.000Z,120.734798,14.443747,27,4760
2020-02-12T11:59:01.000Z,120.735127,14.44404,27,4750
2020-02-12T11:59:13.000Z,120.735748,14.444593,27,4770
2020-02-12T11:59:25.000Z,120.736328,14.445112,27,4760
2020-02-12T11:59:30.000Z,120.736657,14.445407,27,4750
2020-02-12T11:59:42.000Z,120.73728,14.445958,27,4770
2020-02-12T11:59:54.000Z,120.737945,14.44655,27,4750
2020-02-12T12:00:01.000Z,120.738235,14.44681,27,4750
2020-02-12T12:00:13.000Z,120.738938,14.44744,27,4760
2020-02-12T12:00:25.000Z,120.73952,14.447955,27,4780
2020-02-12T12:00:31.000Z,120.739892,14.448288,27,4760
2020-02-12T12:00:42.000Z,120.740473,14.448807,27,4760
2020-02-12T12:00:54.000Z,120.741092,14.44936,27,4760
2020-02-12T12:01:01.000Z,120.741425,14.449654999999998,27,4770
2020-02-12T12:01:13.000Z,120.742135,14.450283,27,4780
2020-02-12T12:01:24.000Z,120.742715,14.450803,27,4760
2020-02-12T12:01:31.000Z,120.743092,14.451135,27,4780
2020-02-12T12:01:43.000Z,120.743677,14.451653,27,4780
2020-02-12T12:01:54.000Z,120.744305,14.452212,27,4770
2020-02-12T12:02:01.000Z,120.744638,14.452512,27,4760
2020-02-12T12:02:13.000Z,120.745265,14.453068,27,4770
2020-02-12T12:02:24.000Z,120.745848,14.453585,27,4780
2020-02-12T12:02:32.000Z,120.746222,14.453915,27,4790
2020-02-12T12:02:43.000Z,120.746848,14.454468,27,4780
2020-02-12T12:02:54.000Z,120.747432,14.454987,27,4770
2020-02-12T12:03:01.000Z,120.747807,14.455318,27,4770
2020-02-12T12:03:13.000Z,120.748433,14.45587,27,4790
2020-02-12T12:03:24.000Z,120.749017,14.456385,27,4780
2020-02-12T12:03:31.000Z,120.749393,14.456718,27,4780
2020-02-12T12:03:42.000Z,120.749977,14.45724,27,4770
2020-02-12T12:03:54.000Z,120.750642,14.457835,27,4750
2020-02-12T12:04:01.000Z,120.751017,14.458172,27,4760
2020-02-12T12:04:13.000Z,120.751642,14.458727,27,4780
2020-02-12T12:04:25.000Z,120.752228,14.459245,27,4760
2020-02-12T12:04:31.000Z,120.752562,14.459547,27,4750
2020-02-12T12:04:43.000Z,120.753188,14.46011,27,4750
2020-02-12T12:04:54.000Z,120.753818,14.460672,27,4770
2020-02-12T12:05:01.000Z,120.75415,14.460967000000002,27,4760
2020-02-12T12:05:13.000Z,120.75478,14.461523,27,4760
2020-02-12T12:05:24.000Z,120.755367,14.462043,27,4770
2020-02-12T12:05:31.000Z,120.755743,14.462376999999998,27,4780
2020-02-12T12:05:42.000Z,120.756328,14.462897,27,4780
2020-02-12T12:05:54.000Z,120.756955,14.463451999999998,27,4770
2020-02-12T12:06:01.000Z,120.757333,14.463787,27,4770
2020-02-12T12:06:13.000Z,120.758007,14.464377,27,4790
2020-02-12T12:06:24.000Z,120.758593,14.464897,27,4780
2020-02-12T12:06:31.000Z,120.758972,14.465229999999998,27,4770
2020-02-12T12:06:42.000Z,120.75956,14.465745000000002,27,4800
2020-02-12T12:06:54.000Z,120.760183,14.466298000000002,27,4760
2020-02-12T12:07:01.000Z,120.760513,14.466598,27,4720
2020-02-12T12:07:13.000Z,120.761168,14.467203,27,4650
2020-02-12T12:07:24.000Z,120.76174,14.467737,27,4610
2020-02-12T12:07:31.000Z,120.762107,14.468082,27,4600
2020-02-12T12:07:42.000Z,120.762672,14.468613,27,4600
2020-02-12T12:07:54.000Z,120.76332,14.469232,27,4590
2020-02-12T12:08:01.000Z,120.763605,14.469502,27,4590
2020-02-12T12:08:13.000Z,120.764252,14.470125,27,4570
2020-02-12T12:08:24.000Z,120.76481499999998,14.470663,27,4570
2020-02-12T12:08:31.000Z,120.765137,14.470967000000002,27,4580
2020-02-12T12:08:42.000Z,120.765705,14.471505,27,4580
2020-02-12T12:08:54.000Z,120.766353,14.472122,27,4570
2020-02-12T12:09:01.000Z,120.766718,14.472472,27,4570
2020-02-12T12:09:13.000Z,120.767327,14.473052,27,4560
2020-02-12T12:09:24.000Z,120.767897,14.473593,27,4570
2020-02-12T12:09:31.000Z,120.768263,14.473938,27,4580
2020-02-12T12:09:43.000Z,120.768873,14.47451,27,4590
2020-02-12T12:09:54.000Z,120.76944,14.475048,27,4580
2020-02-12T12:10:01.000Z,120.769807,14.475392,27,4590
2020-02-12T12:10:13.000Z,120.770465,14.475997,27,4620
2020-02-12T12:10:24.000Z,120.771038,14.476532,27,4600
2020-02-12T12:10:31.000Z,120.771327,14.476803,27,4600
2020-02-12T12:10:43.000Z,120.772023,14.477467,27,4570
2020-02-12T12:10:54.000Z,120.772597,14.478012,27,4590
2020-02-12T12:11:01.000Z,120.772923,14.478323,27,4590
2020-02-12T12:11:13.000Z,120.773533,14.4789,27,4590
2020-02-12T12:11:25.000Z,120.774147,14.47948,27,4600
2020-02-12T12:11:31.000Z,120.774472,14.47979,27,4590
2020-02-12T12:11:43.000Z,120.775125,14.48041,27,4590
2020-02-12T12:11:55.000Z,120.775652,14.480907,27,4590
2020-02-12T12:12:01.000Z,120.776018,14.48125,27,4600
2020-02-12T12:12:13.000Z,120.776627,14.481832999999998,27,4580
2020-02-12T12:12:25.000Z,120.777275,14.482448000000002,27,4590
2020-02-12T12:12:31.000Z,120.77756,14.482717999999998,27,4590
2020-02-12T12:12:43.000Z,120.778212,14.483332999999998,27,4600
2020-02-12T12:12:54.000Z,120.77878,14.483865,27,4620
2020-02-12T12:13:01.000Z,120.779147,14.484208,27,4610
2020-02-12T12:13:13.000Z,120.779757,14.48478,27,4620
2020-02-12T12:13:25.000Z,120.780327,14.485320000000002,27,4600
2020-02-12T12:13:31.000Z,120.780697,14.485672,27,4600
2020-02-12T12:13:43.000Z,120.781308,14.486253,27,4610
2020-02-12T12:13:54.000Z,120.781883,14.48679,27,4620
2020-02-12T12:14:01.000Z,120.782208,14.487095000000002,27,4610
2020-02-12T12:14:13.000Z,120.782822,14.487678,27,4600
2020-02-12T12:14:24.000Z,120.783475,14.488297,27,4600
2020-02-12T12:14:31.000Z,120.783762,14.488567000000002,27,4610
2020-02-12T12:14:43.000Z,120.784455,14.489217000000002,27,4610
2020-02-12T12:14:54.000Z,120.78499,14.489718,27,4600
2020-02-12T12:15:01.000Z,120.785358,14.490067000000002,27,4600
2020-02-12T12:15:13.000Z,120.785975,14.490652,27,4590
2020-02-12T12:15:25.000Z,120.786588,14.491237,27,4580
2020-02-12T12:15:31.000Z,120.786915,14.491547,27,4580
2020-02-12T12:15:42.000Z,120.787485,14.492092,27,4570
2020-02-12T12:15:54.000Z,120.788098,14.492677,27,4590
2020-02-12T12:16:01.000Z,120.788427,14.492988,27,4590
2020-02-12T12:16:13.000Z,120.789087,14.493617,27,4600
2020-02-12T12:16:24.000Z,120.789663,14.494162,27,4600
2020-02-12T12:16:30.000Z,120.78999,14.494472,27,4590
2020-02-12T12:16:42.000Z,120.790605,14.495052,27,4600
2020-02-12T12:16:54.000Z,120.79126200000002,14.49567,27,4610
2020-02-12T12:17:00.000Z,120.79155,14.49594,27,4610
2020-02-12T12:17:13.000Z,120.792207,14.49656,27,4610
2020-02-12T12:17:25.000Z,120.792825,14.497132999999998,27,4630
2020-02-12T12:17:30.000Z,120.793152,14.497435,27,4630
2020-02-12T12:17:42.000Z,120.793772,14.498007,27,4630
2020-02-12T12:17:54.000Z,120.794387,14.498582,27,4610
2020-02-12T12:18:01.000Z,120.794713,14.498892,27,4600
2020-02-12T12:18:13.000Z,120.79533700000002,14.499472,28,4610
2020-02-12T12:18:25.000Z,120.795957,14.50005,28,4610
2020-02-12T12:18:30.000Z,120.796247,14.500318,28,4620
2020-02-12T12:18:42.000Z,120.796863,14.500897,27,4610
2020-02-12T12:18:54.000Z,120.797483,14.501483,28,4600
2020-02-12T12:19:00.000Z,120.797812,14.501798,28,4570
2020-02-12T12:19:13.000Z,120.79851200000002,14.502458,28,4600
2020-02-12T12:19:25.000Z,120.799135,14.503027,28,4690
2020-02-12T12:19:30.000Z,120.799388,14.503253,28,4710
2020-02-12T12:19:42.000Z,120.800067,14.503855,28,4780
2020-02-12T12:19:54.000Z,120.800707,14.504415,28,4810
2020-02-12T12:20:01.000Z,120.801048,14.504712,28,4840
2020-02-12T12:20:13.000Z,120.801693,14.50526,28,4890
2020-02-12T12:20:25.000Z,120.80239,14.505842,28,4940
2020-02-12T12:20:31.000Z,120.802742,14.506135,28,4960
2020-02-12T12:20:42.000Z,120.803357,14.506643,28,4980
2020-02-12T12:20:54.000Z,120.804015,14.507183,28,5010
2020-02-12T12:21:01.000Z,120.804367,14.50747,28,5010
2020-02-12T12:21:13.000Z,120.805028,14.508013,28,4990
2020-02-12T12:21:25.000Z,120.80573,14.508592000000002,28,4980
2020-02-12T12:21:31.000Z,120.806038,14.508847,28,4990
2020-02-12T12:21:43.000Z,120.806742,14.50942,28,5010
2020-02-12T12:21:54.000Z,120.807358,14.509922,28,5020
2020-02-12T12:22:01.000Z,120.807753,14.510245,28,5010
2020-02-12T12:22:13.000Z,120.808412,14.510782999999998,28,5000
2020-02-12T12:22:25.000Z,120.809073,14.511322,28,5010
2020-02-12T12:22:31.000Z,120.809428,14.511612,28,5010
2020-02-12T12:22:43.000Z,120.810092,14.512152,28,5000
2020-02-12T12:22:54.000Z,120.810712,14.512657,28,5010
2020-02-12T12:23:01.000Z,120.811113,14.512982999999998,28,5010
2020-02-12T12:23:13.000Z,120.811735,14.513487,28,5020
2020-02-12T12:23:25.000Z,120.812442,14.514058,28,5010
2020-02-12T12:23:31.000Z,120.812795,14.514347,28,5020
2020-02-12T12:23:43.000Z,120.813457,14.514885,28,5020
2020-02-12T12:23:54.000Z,120.81414,14.515413,28,5200
2020-02-12T12:24:01.000Z,120.814448,14.515668,28,5090
2020-02-12T12:24:13.000Z,120.815153,14.516248,28,5010
2020-02-12T12:24:25.000Z,120.815818,14.516793,28,5010
2020-02-12T12:24:31.000Z,120.816132,14.517048,28,5020
2020-02-12T12:24:43.000Z,120.816842,14.517618,28,5040
2020-02-12T12:24:54.000Z,120.817468,14.518123,28,5030
2020-02-12T12:25:01.000Z,120.817868,14.518448,28,5020
2020-02-12T12:25:13.000Z,120.818535,14.51899,28,5030
2020-02-12T12:25:25.000Z,120.81916,14.519495,28,5030
2020-02-12T12:25:31.000Z,120.81956,14.519818,28,5030
2020-02-12T12:25:43.000Z,120.820227,14.520357999999998,28,5040
2020-02-12T12:25:55.000Z,120.820897,14.520902,28,5040
2020-02-12T12:26:01.000Z,120.821255,14.521192,28,5040
2020-02-12T12:26:13.000Z,120.821882,14.521697,28,5030
2020-02-12T12:26:24.000Z,120.822552,14.522237,28,5050
2020-02-12T12:26:31.000Z,120.822953,14.52256,28,5050
2020-02-12T12:26:43.000Z,120.823575,14.52307,28,5000
2020-02-12T12:26:55.000Z,120.824238,14.52362,28,4970
2020-02-12T12:27:00.000Z,120.824593,14.523915,28,4960
2020-02-12T12:27:13.000Z,120.825253,14.524465,28,4950
2020-02-12T12:27:24.000Z,120.82591,14.525015,28,4930
2020-02-12T12:27:31.000Z,120.82626299999998,14.525312,28,4910
2020-02-12T12:27:43.000Z,120.826918,14.525862,28,4920
2020-02-12T12:27:55.000Z,120.827575,14.526417000000002,28,4920
2020-02-12T12:28:00.000Z,120.827925,14.526707,28,4950
2020-02-12T12:28:13.000Z,120.82859,14.527247,28,5020
2020-02-12T12:28:25.000Z,120.829217,14.527747,28,5060
2020-02-12T12:28:31.000Z,120.829622,14.52807,28,5070
2020-02-12T12:28:43.000Z,120.830347,14.528638,28,5100
2020-02-12T12:28:55.000Z,120.831025,14.529172,28,5120
2020-02-12T12:29:00.000Z,120.831295,14.529385,28,5120
2020-02-12T12:29:13.000Z,120.832067,14.529987,28,5150
2020-02-12T12:29:25.000Z,120.832702,14.530478,28,5170
