timestamp,longitude,latitude,speed,direction
2019-06-11T04:24:28.000Z,55.054507,25.023895,0,7290
2019-06-11T04:39:27.000Z,55.054547,25.023857,0,7030
2019-06-11T04:57:28.000Z,55.054507,25.02388,0,4930
2019-06-11T05:09:51.000Z,55.054543,25.023902,0,6420
2019-06-11T05:24:27.000Z,55.05452800000001,25.023883,0,6820
2019-06-11T05:39:29.000Z,55.05449300000001,25.023888,0,7820
2019-06-11T05:51:31.000Z,55.05452800000001,25.023893,0,6830
2019-06-11T06:03:34.000Z,55.054478,25.023867000000006,0,7340
2019-06-11T06:18:28.000Z,55.05448000000001,25.02387,0,9710
2019-06-11T06:30:39.000Z,55.054473,25.023865,0,7820
2019-06-11T06:42:28.000Z,55.0545,25.023865,0,7720
2019-06-11T07:00:28.000Z,55.05454200000001,25.023888,0,4410
2019-06-11T07:18:27.000Z,55.054495,25.023873,0,6890
2019-06-11T07:33:27.000Z,55.054527,25.023875,0,4850
2019-06-11T07:45:28.000Z,55.054518,25.023905,0,4070
2019-06-11T08:00:28.000Z,55.05455,25.023882,0,1930
2019-06-11T08:12:28.000Z,55.05439300000001,25.024232,1,33970
2019-06-11T08:14:26.000Z,55.05422,25.02459,0,34920
2019-06-11T08:16:26.000Z,55.054137,25.024777,1,29530
2019-06-11T08:16:56.000Z,55.053938,25.024785,2,27540
2019-06-11T08:17:30.000Z,55.05364300000001,25.024762,4,26590
2019-06-11T08:17:46.000Z,55.053392,25.024737,5,26590
2019-06-11T08:18:05.000Z,55.05306700000001,25.02472,6,26340
2019-06-11T08:18:16.000Z,55.052868,25.02469,6,26190
2019-06-11T08:18:26.000Z,55.05266999999999,25.02467,7,26570
2019-06-11T08:18:36.000Z,55.052445,25.024642,7,26310
2019-06-11T08:18:56.000Z,55.052002,25.024582,8,26090
2019-06-11T08:19:06.000Z,55.051745,25.024562,9,26160
2019-06-11T08:19:16.000Z,55.051487,25.024520000000006,9,26180
2019-06-11T08:19:26.000Z,55.051223,25.024487,10,25980
2019-06-11T08:19:36.000Z,55.05094,25.024438,10,25910
2019-06-11T08:19:46.000Z,55.050657,25.024377,10,25760
2019-06-11T08:19:56.000Z,55.05036,25.024315,11,26010
2019-06-11T08:20:06.000Z,55.05005300000001,25.02427,11,25930
2019-06-11T08:20:16.000Z,55.04973199999999,25.024225,11,26240
2019-06-11T08:20:26.000Z,55.049418,25.024177,11,26010
2019-06-11T08:20:47.000Z,55.048787,25.02408,11,25820
2019-06-11T08:20:56.000Z,55.048463,25.024017,11,25970
2019-06-11T08:21:06.000Z,55.048143,25.023957,11,25830
2019-06-11T08:21:16.000Z,55.04782,25.023907,11,25970
2019-06-11T08:21:26.000Z,55.04749,25.023862,11,25780
2019-06-11T08:21:35.000Z,55.04720500000001,25.023812,11,25830
2019-06-11T08:21:46.000Z,55.046865,25.023732,11,25720
2019-06-11T08:21:56.000Z,55.046548,25.023675,11,25830
2019-06-11T08:22:03.000Z,55.046322,25.023635,11,25820
2019-06-11T08:22:09.000Z,55.046092,25.023587,11,25780
2019-06-11T08:22:16.000Z,55.045898,25.023545,11,25950
2019-06-11T08:22:35.000Z,55.045302,25.023468,11,26330
2019-06-11T08:22:43.000Z,55.04504,25.02344,11,26530
2019-06-11T08:22:49.000Z,55.044852,25.023423,11,26630
2019-06-11T08:22:56.000Z,55.044635,25.023418,11,26980
2019-06-11T08:23:06.000Z,55.044323,25.023433,11,27390
2019-06-11T08:23:13.000Z,55.044097,25.023455,11,27720
2019-06-11T08:23:19.000Z,55.0439,25.023478,11,28000
2019-06-11T08:23:26.000Z,55.043675,25.023522,11,28270
2019-06-11T08:23:32.000Z,55.043457,25.023567,11,28470
2019-06-11T08:23:46.000Z,55.043057,25.023692,11,28990
2019-06-11T08:23:53.000Z,55.04284300000001,25.023772,11,29270
2019-06-11T08:23:59.000Z,55.042657,25.023847,12,29490
2019-06-11T08:24:06.000Z,55.042445,25.023943,12,29820
2019-06-11T08:24:13.000Z,55.042238,25.024055,12,30070
2019-06-11T08:24:19.000Z,55.04204300000001,25.024155,12,30300
2019-06-11T08:24:26.000Z,55.041875,25.024253,12,30450
2019-06-11T08:24:32.000Z,55.04170500000001,25.024362,12,30630
2019-06-11T08:24:39.000Z,55.041513,25.024498,12,30780
2019-06-11T08:24:46.000Z,55.04131700000001,25.024637,12,30950
2019-06-11T08:24:53.000Z,55.041128,25.024782,12,31120
2019-06-11T08:24:59.000Z,55.04096800000001,25.024917,12,31210
2019-06-11T08:25:06.000Z,55.04078199999999,25.025078,13,31390
2019-06-11T08:25:14.000Z,55.040605000000006,25.02525,13,31700
2019-06-11T08:25:23.000Z,55.040347,25.025505,13,32220
2019-06-11T08:25:30.000Z,55.040177,25.025698,13,32370
2019-06-11T08:25:35.000Z,55.04006500000001,25.025842,13,32310
2019-06-11T08:25:46.000Z,55.039838,25.026153,13,32580
2019-06-11T08:25:56.000Z,55.039625,25.026437,14,32140
2019-06-11T08:26:06.000Z,55.039362,25.026725,14,32390
2019-06-11T08:26:16.000Z,55.039118,25.027023,15,32000
2019-06-11T08:26:26.000Z,55.03885,25.027313,15,32320
2019-06-11T08:26:35.000Z,55.038638,25.027603,15,32310
2019-06-11T08:26:47.000Z,55.038312,25.02798,16,32410
2019-06-11T08:26:56.000Z,55.038077,25.028283,16,32270
2019-06-11T08:27:07.000Z,55.03776,25.028653,16,32360
2019-06-11T08:27:16.000Z,55.037515,25.028965,17,32270
2019-06-11T08:27:26.000Z,55.03721700000001,25.029303,17,32320
2019-06-11T08:27:35.000Z,55.036958,25.029627,17,32320
2019-06-11T08:27:47.000Z,55.036582,25.030062,18,32340
2019-06-11T08:27:56.000Z,55.036307,25.0304,18,32320
2019-06-11T08:28:06.000Z,55.036,25.030787,18,32250
2019-06-11T08:28:16.000Z,55.035678,25.031177,19,32300
2019-06-11T08:28:35.000Z,55.035047,25.031917,19,32330
2019-06-11T08:28:47.000Z,55.034663,25.032402,20,32290
2019-06-11T08:28:57.000Z,55.034367,25.032767,20,32290
2019-06-11T08:29:06.000Z,55.034023,25.033178,20,32330
2019-06-11T08:29:16.000Z,55.03367,25.033598,20,32360
2019-06-11T08:29:26.000Z,55.033333,25.034027,20,32350
2019-06-11T08:29:35.000Z,55.03303199999999,25.034415,21,32350
2019-06-11T08:29:47.000Z,55.03261800000001,25.034932,21,32300
2019-06-11T08:29:56.000Z,55.032295,25.035323,21,32310
2019-06-11T08:30:06.000Z,55.031923,25.035758,21,32340
2019-06-11T08:30:26.000Z,55.031225,25.036635,21,32310
2019-06-11T08:30:36.000Z,55.030825,25.037122,22,32360
2019-06-11T08:30:47.000Z,55.030458,25.037562,22,32310
2019-06-11T08:30:57.000Z,55.030135,25.037972,22,32440
2019-06-11T08:31:06.000Z,55.029773,25.038435,22,32540
2019-06-11T08:31:16.000Z,55.02942,25.038915,22,32630
2019-06-11T08:31:22.000Z,55.029178,25.039238,22,32480
2019-06-11T08:31:26.000Z,55.02907,25.039377,22,32430
2019-06-11T08:31:31.000Z,55.028922,25.039565,22,32400
2019-06-11T08:31:36.000Z,55.02865799999999,25.039878,22,32290
2019-06-11T08:31:42.000Z,55.028418,25.040143,22,31970
2019-06-11T08:31:47.000Z,55.028253,25.040308,22,31700
2019-06-11T08:31:53.000Z,55.02799200000001,25.040552,22,31490
2019-06-11T08:31:59.000Z,55.027695,25.040825,22,31570
2019-06-11T08:32:06.000Z,55.02744000000001,25.041063,22,31450
2019-06-11T08:32:09.000Z,55.02726800000001,25.041215,22,31330
2019-06-11T08:32:16.000Z,55.027,25.041442,22,31260
2019-06-11T08:32:27.000Z,55.026557,25.041828,22,31410
2019-06-11T08:32:36.000Z,55.026045,25.042247,22,31080
2019-06-11T08:32:56.000Z,55.025185,25.042983,22,31350
2019-06-11T08:33:06.000Z,55.02473000000001,25.043387,22,31450
2019-06-11T08:33:16.000Z,55.02427,25.043788,22,31230
2019-06-11T08:33:27.000Z,55.02381,25.044167,22,31360
2019-06-11T08:33:37.000Z,55.023323,25.04461,22,31350
2019-06-11T08:33:45.000Z,55.022948,25.044932,22,31310
2019-06-11T08:33:57.000Z,55.022388,25.04541,23,31300
2019-06-11T08:34:07.000Z,55.021922,25.045820000000006,23,31300
2019-06-11T08:34:16.000Z,55.021503,25.046185,23,31320
2019-06-11T08:34:26.000Z,55.021027,25.046583,23,31390
2019-06-11T08:34:36.000Z,55.02051700000001,25.047022,23,31370
2019-06-11T08:34:45.000Z,55.020147,25.047335,23,31250
2019-06-11T08:35:07.000Z,55.01911,25.048198,22,31250
2019-06-11T08:35:16.000Z,55.018683,25.048558,22,31300
2019-06-11T08:35:25.000Z,55.01821700000001,25.048952,22,31260
2019-06-11T08:35:36.000Z,55.017713,25.04937,22,31230
2019-06-11T08:35:45.000Z,55.017348,25.049670000000006,22,31220
2019-06-11T08:35:56.000Z,55.016798,25.05011,22,31230
2019-06-11T08:36:07.000Z,55.016348,25.050482,21,31250
2019-06-11T08:36:16.000Z,55.015953,25.050818,21,31230
2019-06-11T08:36:25.000Z,55.015512,25.051183,21,31210
2019-06-11T08:36:37.000Z,55.015025,25.051577,21,31210
2019-06-11T08:36:45.000Z,55.014675,25.05187,21,31220
2019-06-11T08:36:56.000Z,55.014157,25.052313,21,31240
2019-06-11T08:37:07.000Z,55.01373,25.052677,21,31250
2019-06-11T08:37:16.000Z,55.013342,25.052995000000006,20,31250
2019-06-11T08:37:26.000Z,55.012917,25.05335,20,31290
2019-06-11T08:37:36.000Z,55.012497,25.053702,20,31240
2019-06-11T08:37:45.000Z,55.01211,25.054012,20,31210
2019-06-11T08:37:56.000Z,55.011617,25.054422,20,31180
2019-06-11T08:38:07.000Z,55.011202,25.054753,19,31210
2019-06-11T08:38:16.000Z,55.01083000000001,25.055052,19,31220
2019-06-11T08:38:26.000Z,55.01043000000001,25.05538,19,31250
2019-06-11T08:38:37.000Z,55.010035,25.055732,18,31240
2019-06-11T08:38:45.000Z,55.009688,25.056018,18,31300
2019-06-11T08:38:56.000Z,55.009233,25.056398,18,31270
2019-06-11T08:39:07.000Z,55.008855,25.056712,18,31340
2019-06-11T08:39:16.000Z,55.008543,25.056987,18,31310
2019-06-11T08:39:27.000Z,55.008157,25.057313,17,31320
2019-06-11T08:39:36.000Z,55.007835,25.057595000000006,17,31260
2019-06-11T08:39:45.000Z,55.00751,25.057868,17,31270
2019-06-11T08:39:57.000Z,55.007082,25.058232,17,31250
2019-06-11T08:40:07.000Z,55.00673199999999,25.058528,17,31240
2019-06-11T08:40:16.000Z,55.006412,25.058795,16,31220
2019-06-11T08:40:27.000Z,55.00604300000001,25.059115,16,31370
2019-06-11T08:40:36.000Z,55.00574200000001,25.059367,16,31250
2019-06-11T08:40:45.000Z,55.00544300000001,25.059625,16,31420
2019-06-11T08:40:58.000Z,55.005048,25.059962,16,31270
2019-06-11T08:41:05.000Z,55.00478199999999,25.060185,16,31370
2019-06-11T08:41:16.000Z,55.004425,25.060503,16,31220
2019-06-11T08:41:27.000Z,55.004063,25.060795,15,31320
2019-06-11T08:41:37.000Z,55.00376800000001,25.061048,15,31210
2019-06-11T08:41:45.000Z,55.003487,25.061287,15,31300
2019-06-11T08:41:57.000Z,55.00310699999999,25.061603,15,31250
2019-06-11T08:42:05.000Z,55.00284300000001,25.061823,15,31330
2019-06-11T08:42:27.000Z,55.002162,25.062398,15,31320
2019-06-11T08:42:36.000Z,55.001893,25.06263,15,31290
2019-06-11T08:42:45.000Z,55.001625,25.062872,15,31350
2019-06-11T08:42:57.000Z,55.001248,25.063182,15,31290
2019-06-11T08:43:05.000Z,55.001015,25.063387,14,31350
2019-06-11T08:43:16.000Z,55.000677,25.063678,14,31290
2019-06-11T08:43:27.000Z,55.00037800000001,25.063937,14,31280
2019-06-11T08:43:36.000Z,55.000092,25.064182,14,31230
2019-06-11T08:43:45.000Z,54.999827,25.064397,14,31230
2019-06-11T08:44:05.000Z,54.999242,25.064877,14,31190
2019-06-11T08:44:15.000Z,54.998947,25.065108,14,31190
2019-06-11T08:44:26.000Z,54.998608,25.065378,14,31210
2019-06-11T08:44:36.000Z,54.998338,25.065598,14,31220
2019-06-11T08:44:45.000Z,54.998048,25.065845,14,31250
2019-06-11T08:44:57.000Z,54.997705,25.066143,14,31260
2019-06-11T08:45:06.000Z,54.997478,25.066342,14,31290
2019-06-11T08:45:15.000Z,54.99718299999999,25.066572,13,31280
2019-06-11T08:45:26.000Z,54.99687700000001,25.066817,13,31270
2019-06-11T08:45:36.000Z,54.996633,25.067027,13,31270
2019-06-11T08:45:45.000Z,54.996318,25.067287,13,31240
2019-06-11T08:45:56.000Z,54.99604,25.067525,13,31230
2019-06-11T08:46:07.000Z,54.995723,25.067785,13,31200
2019-06-11T08:46:26.000Z,54.995158,25.068255,14,31200
2019-06-11T08:46:35.000Z,54.99489200000001,25.068482,14,31230
2019-06-11T08:46:46.000Z,54.994563,25.068748,14,31250
2019-06-11T08:46:56.000Z,54.994257,25.068983,14,31220
2019-06-11T08:47:07.000Z,54.99391800000001,25.069262,15,31270
2019-06-11T08:47:16.000Z,54.993673,25.069467000000003,15,31260
2019-06-11T08:47:26.000Z,54.993343,25.069745,15,31200
2019-06-11T08:47:36.000Z,54.993063,25.069973,15,31200
2019-06-11T08:47:45.000Z,54.99270799999999,25.070268,15,31210
2019-06-11T08:47:56.000Z,54.992392,25.070538,15,31210
2019-06-11T08:48:07.000Z,54.992037,25.070827,15,31020
2019-06-11T08:48:15.000Z,54.99177,25.071038,16,31150
2019-06-11T08:48:26.000Z,54.99139,25.071338,16,31250
2019-06-11T08:48:35.000Z,54.991087,25.071593,16,31340
2019-06-11T08:48:45.000Z,54.990723,25.071918,17,31430
2019-06-11T08:48:56.000Z,54.990378,25.072225,17,31390
2019-06-11T08:49:07.000Z,54.989982,25.072568,17,31420
2019-06-11T08:49:15.000Z,54.98969,25.072825,17,31430
2019-06-11T08:49:26.000Z,54.98929,25.073175,18,31410
2019-06-11T08:49:35.000Z,54.988965,25.073468,18,31440
2019-06-11T08:49:45.000Z,54.988565,25.073842000000006,19,31440
2019-06-11T08:49:56.000Z,54.988187,25.074173,19,31410
2019-06-11T08:50:06.000Z,54.987795,25.07451,19,31390
2019-06-11T08:50:15.000Z,54.987448,25.074815,19,31380
2019-06-11T08:50:26.000Z,54.987017,25.075195,20,31430
2019-06-11T08:50:35.000Z,54.986623,25.075553,20,31440
2019-06-11T08:50:45.000Z,54.98622,25.075917,20,31390
2019-06-11T08:50:56.000Z,54.985798,25.076287,20,31410
2019-06-11T08:51:06.000Z,54.985375,25.076657,21,31420
2019-06-11T08:51:16.000Z,54.984958,25.077027,21,31440
2019-06-11T08:51:26.000Z,54.984537,25.07741,21,31460
2019-06-11T08:51:36.000Z,54.984113,25.077797,21,31380
2019-06-11T08:51:45.000Z,54.983682,25.078178,21,31410
2019-06-11T08:51:56.000Z,54.983247,25.078553,21,31370
2019-06-11T08:52:06.000Z,54.982823,25.078938,22,31490
2019-06-11T08:52:16.000Z,54.982385,25.079328,22,31410
2019-06-11T08:52:26.000Z,54.981937,25.079713,22,31470
2019-06-11T08:52:35.000Z,54.981487,25.080115,22,31450
2019-06-11T08:52:45.000Z,54.98104300000001,25.080512,22,31310
2019-06-11T08:52:57.000Z,54.98058,25.080897,22,31350
2019-06-11T08:53:06.000Z,54.98011999999999,25.081298,22,31340
2019-06-11T08:53:16.000Z,54.979665,25.081698,22,31390
2019-06-11T08:53:26.000Z,54.979207,25.082103,22,31430
2019-06-11T08:53:35.000Z,54.97875,25.082508,22,31450
2019-06-11T08:53:46.000Z,54.978303,25.082908,22,31420
2019-06-11T08:53:56.000Z,54.97785,25.083312,23,31380
2019-06-11T08:54:05.000Z,54.977392,25.083718,23,31370
2019-06-11T08:54:16.000Z,54.976922,25.08412,23,31410
2019-06-11T08:54:26.000Z,54.976462,25.084535,23,31460
2019-06-11T08:54:35.000Z,54.976002,25.084963,23,31470
2019-06-11T08:54:46.000Z,54.975522,25.0854,23,31390
2019-06-11T08:54:56.000Z,54.975028,25.085818,24,31430
2019-06-11T08:55:05.000Z,54.974553,25.086227,24,31380
2019-06-11T08:55:16.000Z,54.97407800000001,25.086648,24,31460
2019-06-11T08:55:26.000Z,54.973602,25.087068,24,31390
2019-06-11T08:55:35.000Z,54.97312,25.087498,24,31380
2019-06-11T08:55:46.000Z,54.972622,25.08792,24,31360
2019-06-11T08:55:56.000Z,54.972132,25.088353,24,31480
2019-06-11T08:56:05.000Z,54.971647,25.088805,24,31340
2019-06-11T08:56:16.000Z,54.971102,25.089277,25,31430
2019-06-11T08:56:26.000Z,54.97065300000001,25.089682,25,31390
2019-06-11T08:56:35.000Z,54.970148,25.09012,25,31480
2019-06-11T08:56:46.000Z,54.969665,25.090568,25,31530
2019-06-11T08:56:56.000Z,54.96916700000001,25.09101,25,31380
2019-06-11T08:57:05.000Z,54.968642,25.091443,25,31310
2019-06-11T08:57:16.000Z,54.96808299999999,25.091928,25,31340
2019-06-11T08:57:26.000Z,54.96762800000001,25.092335,25,31370
2019-06-11T08:57:35.000Z,54.96712,25.092795,25,31430
2019-06-11T08:57:46.000Z,54.966612,25.093245,25,31350
2019-06-11T08:57:56.000Z,54.966102,25.093692,25,31480
2019-06-11T08:58:07.000Z,54.965483,25.09424,25,31370
2019-06-11T08:58:13.000Z,54.965167,25.09451,25,31390
2019-06-11T08:58:16.000Z,54.965013,25.094645,25,31420
2019-06-11T08:58:20.000Z,54.964808,25.094828,25,31450
2019-06-11T08:58:26.000Z,54.964545,25.095058,26,31440
2019-06-11T08:58:31.000Z,54.964225,25.09533,26,31390
2019-06-11T08:58:35.000Z,54.964015,25.095512,26,31370
2019-06-11T08:58:44.000Z,54.963602,25.09588,26,31440
2019-06-11T08:58:50.000Z,54.963295,25.096155,26,31410
2019-06-11T08:58:56.000Z,54.962983,25.09643,26,31380
2019-06-11T08:59:02.000Z,54.962672,25.096708,26,31420
2019-06-11T08:59:07.000Z,54.962362,25.09698,26,31440
2019-06-11T08:59:14.000Z,54.962053,25.097253,26,31460
2019-06-11T08:59:20.000Z,54.9617,25.097573,26,31460
2019-06-11T08:59:25.000Z,54.961443,25.097812,26,31440
2019-06-11T08:59:31.000Z,54.96113199999999,25.098093,26,31390
2019-06-11T08:59:38.000Z,54.960825,25.098367,26,31420
2019-06-11T08:59:50.000Z,54.960193,25.098922,26,31410
2019-06-11T08:59:56.000Z,54.959877,25.099197,26,31410
2019-06-11T09:00:02.000Z,54.959562,25.099477,26,31420
2019-06-11T09:00:08.000Z,54.95925,25.099757,26,31370
2019-06-11T09:00:13.000Z,54.958928,25.100035,26,31390
2019-06-11T09:00:20.000Z,54.95856,25.100358,26,31450
2019-06-11T09:00:25.000Z,54.95829499999999,25.100588,26,31470
2019-06-11T09:00:31.000Z,54.957980000000006,25.100867,26,31440
2019-06-11T09:00:38.000Z,54.957667,25.101145,26,31440
2019-06-11T09:00:44.000Z,54.95735300000001,25.101425,26,31430
2019-06-11T09:00:50.000Z,54.95704,25.101708,26,31390
2019-06-11T09:00:56.000Z,54.956725,25.101982,26,31410
2019-06-11T09:01:02.000Z,54.956412,25.102262,26,31410
2019-06-11T09:01:08.000Z,54.956097,25.102545000000006,26,31420
2019-06-11T09:01:13.000Z,54.955783,25.102827,26,31440
2019-06-11T09:01:20.000Z,54.955412,25.103163,26,31420
2019-06-11T09:01:25.000Z,54.955145,25.103402,26,31400
2019-06-11T09:01:31.000Z,54.954828000000006,25.103685,26,31420
2019-06-11T09:01:38.000Z,54.95451,25.103972,26,31420
2019-06-11T09:01:44.000Z,54.954195,25.104257,26,31430
2019-06-11T09:01:50.000Z,54.95388199999999,25.104543,26,31450
2019-06-11T09:01:56.000Z,54.95356700000001,25.10483,26,31460
2019-06-11T09:02:02.000Z,54.95325500000001,25.105113,26,31470
2019-06-11T09:02:14.000Z,54.952630000000006,25.105683,26,31440
2019-06-11T09:02:20.000Z,54.95226,25.106012,26,31430
2019-06-11T09:02:25.000Z,54.95199,25.106247,26,31450
2019-06-11T09:02:31.000Z,54.95166700000001,25.106532,26,31450
2019-06-11T09:02:37.000Z,54.951342,25.106820000000006,26,31450
2019-06-11T09:02:44.000Z,54.95101800000001,25.107108,26,31470
2019-06-11T09:02:50.000Z,54.9507,25.107397,26,31440
2019-06-11T09:02:56.000Z,54.950378,25.107687,27,31410
2019-06-11T09:03:02.000Z,54.950008,25.108018,26,31470
2019-06-11T09:03:07.000Z,54.949747,25.108255,26,31510
2019-06-11T09:03:14.000Z,54.949437,25.108538,26,31470
2019-06-11T09:03:20.000Z,54.949075,25.10887,27,31460
2019-06-11T09:03:25.000Z,54.948812,25.109107,27,31490
2019-06-11T09:03:37.000Z,54.948157,25.109665,27,31400
2019-06-11T09:03:43.000Z,54.947823,25.109952,27,31440
2019-06-11T09:03:50.000Z,54.94750300000001,25.110237,27,31430
2019-06-11T09:03:56.000Z,54.947178,25.110522,26,31400
2019-06-11T09:04:02.000Z,54.946798,25.11086,27,31400
2019-06-11T09:04:07.000Z,54.946535,25.1111,26,31360
2019-06-11T09:04:14.000Z,54.946222,25.111372,26,31300
2019-06-11T09:04:20.000Z,54.945838,25.111695,26,31470
2019-06-11T09:04:25.000Z,54.94557800000001,25.111937,27,31690
2019-06-11T09:04:31.000Z,54.945272,25.11223,27,31700
2019-06-11T09:04:37.000Z,54.944962,25.112517,26,31460
2019-06-11T09:04:43.000Z,54.944643000000006,25.112803,27,31520
2019-06-11T09:04:50.000Z,54.944335,25.1131,27,31680
2019-06-11T09:04:56.000Z,54.94403199999999,25.113385,27,31570
2019-06-11T09:05:02.000Z,54.943672,25.113725,27,31570
2019-06-11T09:05:07.000Z,54.943423,25.113975,26,31660
2019-06-11T09:05:14.000Z,54.943112,25.11427,27,31550
2019-06-11T09:05:20.000Z,54.942795,25.114562,27,31580
2019-06-11T09:05:25.000Z,54.942493000000006,25.114853,27,31900
2019-06-11T09:05:32.000Z,54.942193,25.115168,27,31900
2019-06-11T09:05:37.000Z,54.94188199999999,25.115477,27,31720
2019-06-11T09:05:43.000Z,54.941578,25.115778,27,31800
2019-06-11T09:05:50.000Z,54.941288,25.116088,27,31870
2019-06-11T09:05:56.000Z,54.941003,25.116393,27,31790
2019-06-11T09:06:02.000Z,54.940645,25.11675,27,31850
2019-06-11T09:06:07.000Z,54.940397,25.11701,27,32040
2019-06-11T09:06:14.000Z,54.940112,25.117328,27,32160
2019-06-11T09:06:20.000Z,54.93982800000001,25.117653,27,32100
2019-06-11T09:06:25.000Z,54.939547,25.117985,27,32000
2019-06-11T09:06:31.000Z,54.939257,25.118303,27,31870
2019-06-11T09:06:37.000Z,54.938952,25.118603,27,31870
2019-06-11T09:06:43.000Z,54.938655,25.118912,27,32010
2019-06-11T09:06:50.000Z,54.93836999999999,25.119237,27,32120
2019-06-11T09:06:55.000Z,54.938095,25.119558,27,32060
2019-06-11T09:07:02.000Z,54.93776,25.119917,27,31990
2019-06-11T09:07:06.000Z,54.937613,25.120075,27,32020
2019-06-11T09:07:10.000Z,54.937425,25.120287,27,32130
2019-06-11T09:07:14.000Z,54.93724200000001,25.120498,27,32290
2019-06-11T09:07:18.000Z,54.937067000000006,25.120722,27,32500
2019-06-11T09:07:22.000Z,54.936902,25.12095,27,32700
2019-06-11T09:07:25.000Z,54.93674,25.121183,27,32770
2019-06-11T09:07:30.000Z,54.936580000000006,25.121418,27,32710
2019-06-11T09:07:34.000Z,54.936418,25.12165,27,32690
2019-06-11T09:07:37.000Z,54.936255,25.121885,27,32770
2019-06-11T09:07:42.000Z,54.93609300000001,25.122122,27,32920
2019-06-11T09:07:50.000Z,54.93579,25.122593,27,32940
2019-06-11T09:07:55.000Z,54.93555,25.122943,27,32870
2019-06-11T09:08:02.000Z,54.935285,25.123363,27,32940
2019-06-11T09:08:07.000Z,54.935095,25.123657,27,32960
2019-06-11T09:08:14.000Z,54.934862,25.12401,27,32900
2019-06-11T09:08:20.000Z,54.934628,25.124365,27,32830
2019-06-11T09:08:25.000Z,54.934392,25.124713,27,32760
2019-06-11T09:08:38.000Z,54.933912,25.125407,27,32700
2019-06-11T09:08:43.000Z,54.933662,25.12575,27,32740
2019-06-11T09:08:50.000Z,54.933413,25.126102,27,32750
2019-06-11T09:08:56.000Z,54.933168,25.126457,27,32870
2019-06-11T09:09:02.000Z,54.932928,25.126823,27,33000
2019-06-11T09:09:07.000Z,54.932695,25.12718,27,32880
2019-06-11T09:09:14.000Z,54.93245,25.127533,27,32770
2019-06-11T09:09:26.000Z,54.931977,25.128253,27,32890
2019-06-11T09:09:31.000Z,54.931737,25.128612,27,32720
2019-06-11T09:09:38.000Z,54.931488,25.128957,27,32740
2019-06-11T09:09:44.000Z,54.93124200000001,25.129308,27,32830
2019-06-11T09:09:50.000Z,54.930992,25.129662,27,32790
2019-06-11T09:09:55.000Z,54.93074300000001,25.130018,27,32740
2019-06-11T09:10:02.000Z,54.93049499999999,25.130375,28,32860
2019-06-11T09:10:07.000Z,54.930257,25.13074,28,33000
2019-06-11T09:10:14.000Z,54.93001700000001,25.131127,28,32900
2019-06-11T09:10:20.000Z,54.929763,25.1315,28,32940
2019-06-11T09:10:26.000Z,54.92953000000001,25.131865,28,33180
2019-06-11T09:10:31.000Z,54.92930500000001,25.132252,28,33120
2019-06-11T09:10:38.000Z,54.92907,25.132633,28,32930
2019-06-11T09:10:44.000Z,54.928833,25.132998,28,33040
2019-06-11T09:10:50.000Z,54.92860699999999,25.133373,28,33090
2019-06-11T09:10:55.000Z,54.928372,25.133752,28,32950
2019-06-11T09:11:02.000Z,54.92813,25.134120000000006,28,32970
2019-06-11T09:11:08.000Z,54.927898,25.13449,28,33060
2019-06-11T09:11:14.000Z,54.927673,25.13486,28,33010
2019-06-11T09:11:20.000Z,54.927438,25.13523,28,33040
2019-06-11T09:11:26.000Z,54.92720300000001,25.135608,28,33150
2019-06-11T09:11:32.000Z,54.926985,25.135988,28,33150
2019-06-11T09:11:38.000Z,54.926762,25.136368,28,33140
2019-06-11T09:11:44.000Z,54.92652800000001,25.136747,28,33180
2019-06-11T09:11:50.000Z,54.926298,25.137132,28,33140
2019-06-11T09:11:55.000Z,54.92606800000001,25.137518,28,33070
2019-06-11T09:12:02.000Z,54.92582700000001,25.137892,29,33060
2019-06-11T09:12:08.000Z,54.925588,25.138272,29,33030
2019-06-11T09:12:14.000Z,54.925353,25.138658,29,33000
2019-06-11T09:12:20.000Z,54.925073,25.139105,29,33040
2019-06-11T09:12:51.000Z,54.92393000000001,25.141005,29,33150
2019-06-11T09:13:02.000Z,54.92346800000001,25.141783,29,33170
2019-06-11T09:13:08.000Z,54.92323199999999,25.142172,29,33140
2019-06-11T09:13:14.000Z,54.92299300000001,25.142563,29,33110
2019-06-11T09:13:20.000Z,54.922718,25.143017,29,33090
2019-06-11T09:13:26.000Z,54.92252,25.143338,29,33060
2019-06-11T09:13:32.000Z,54.92227800000001,25.143727,29,33040
2019-06-11T09:13:38.000Z,54.922038,25.144118,29,33030
2019-06-11T09:13:44.000Z,54.921792,25.144512,30,33020
2019-06-11T09:13:50.000Z,54.921542,25.144903,30,33020
2019-06-11T09:13:56.000Z,54.921252,25.145357,30,33050
2019-06-11T09:14:02.000Z,54.92105,25.145688,30,33090
2019-06-11T09:14:08.000Z,54.920805,25.146085,30,33110
2019-06-11T09:14:14.000Z,54.920568,25.146483,30,33130
2019-06-11T09:14:20.000Z,54.92029300000001,25.146948,30,33160
2019-06-11T09:14:27.000Z,54.92009300000001,25.147283,30,33160
2019-06-11T09:14:32.000Z,54.91985,25.147685,30,33160
2019-06-11T09:14:38.000Z,54.919608,25.148092,30,33150
2019-06-11T09:14:44.000Z,54.919373,25.148503,30,33130
2019-06-11T09:14:50.000Z,54.91914000000001,25.148905,30,33100
2019-06-11T09:14:56.000Z,54.91886700000001,25.149367,30,33070
2019-06-11T09:15:02.000Z,54.918668,25.149693,30,33050
2019-06-11T09:15:08.000Z,54.918423,25.150085,30,33040
2019-06-11T09:15:14.000Z,54.918175,25.150478,30,33030
2019-06-11T09:15:26.000Z,54.917668000000006,25.151265,30,33060
2019-06-11T09:15:32.000Z,54.91741700000001,25.151663,30,33060
2019-06-11T09:15:38.000Z,54.917165,25.152063,30,33080
2019-06-11T09:15:44.000Z,54.916918,25.152468,30,33100
2019-06-11T09:15:50.000Z,54.916673,25.152873,30,33120
2019-06-11T09:15:56.000Z,54.916385,25.153343,30,33130
2019-06-11T09:16:02.000Z,54.91618199999999,25.15368,30,33140
2019-06-11T09:16:08.000Z,54.915945,25.154087,30,33130
2019-06-11T09:16:14.000Z,54.915707,25.15449,30,33100
2019-06-11T09:16:20.000Z,54.915422,25.15496,30,33040
2019-06-11T09:16:26.000Z,54.915213,25.155293,30,33020
2019-06-11T09:16:32.000Z,54.914968,25.155692,30,33030
2019-06-11T09:16:44.000Z,54.91446,25.156492,30,33050
2019-06-11T09:16:50.000Z,54.914208,25.156893,30,33110
2019-06-11T09:16:56.000Z,54.91393299999999,25.157367,30,33170
2019-06-11T09:17:02.000Z,54.913742000000006,25.157707,30,33230
2019-06-11T09:17:08.000Z,54.913512,25.158118,30,33320
2019-06-11T09:17:14.000Z,54.91328000000001,25.158527,30,33360
2019-06-11T09:17:20.000Z,54.913013,25.159005,30,33400
2019-06-11T09:17:26.000Z,54.91282800000001,25.159352,30,33430
2019-06-11T09:17:32.000Z,54.912612,25.159765,30,33410
2019-06-11T09:17:44.000Z,54.912173,25.160587,30,33340
2019-06-11T09:17:50.000Z,54.911948,25.160995,30,33300
2019-06-11T09:17:56.000Z,54.911712,25.161407,30,33270
2019-06-11T09:18:02.000Z,54.911467,25.161818,30,33260
2019-06-11T09:18:08.000Z,54.911232,25.162232,30,33270
2019-06-11T09:18:14.000Z,54.910998,25.16264,30,33220
2019-06-11T09:18:20.000Z,54.910762,25.163045,30,33200
2019-06-11T09:18:26.000Z,54.910533,25.163452,30,33250
2019-06-11T09:18:32.000Z,54.91030500000001,25.163870000000006,30,33270
2019-06-11T09:18:38.000Z,54.91008000000001,25.164277,30,33290
2019-06-11T09:18:44.000Z,54.909852,25.164685,30,33370
2019-06-11T09:18:50.000Z,54.909632,25.165097,30,33420
2019-06-11T09:18:54.000Z,54.909483,25.165372,30,33490
2019-06-11T09:18:58.000Z,54.909347,25.165648,30,33590
2019-06-11T09:19:02.000Z,54.909213,25.165932,30,33720
2019-06-11T09:19:06.000Z,54.909085,25.166217,30,33840
2019-06-11T09:19:10.000Z,54.908957,25.166508,30,33940
2019-06-11T09:19:14.000Z,54.90884000000001,25.166803,30,34020
2019-06-11T09:19:18.000Z,54.908733,25.167093,30,34090
2019-06-11T09:19:22.000Z,54.90863,25.167382,30,34140
2019-06-11T09:19:26.000Z,54.908523,25.16767,30,34140
2019-06-11T09:19:30.000Z,54.908413,25.16796,30,34140
2019-06-11T09:19:34.000Z,54.908303,25.168252,30,34160
2019-06-11T09:19:38.000Z,54.9082,25.168543,30,34180
2019-06-11T09:19:44.000Z,54.908038,25.168983,30,34160
2019-06-11T09:19:50.000Z,54.907873,25.169427,30,34150
2019-06-11T09:19:56.000Z,54.907712,25.169867,30,34160
2019-06-11T09:20:03.000Z,54.907552,25.170315,30,34150
2019-06-11T09:20:08.000Z,54.90739,25.17076,30,34170
2019-06-11T09:20:14.000Z,54.907233,25.171195,30,34190
2019-06-11T09:20:20.000Z,54.907077,25.171638,30,34210
2019-06-11T09:20:26.000Z,54.906933,25.172077,30,34230
2019-06-11T09:20:33.000Z,54.906753,25.172595,30,34300
2019-06-11T09:20:38.000Z,54.906632,25.172967,30,34380
2019-06-11T09:20:44.000Z,54.90649000000001,25.17341,30,34440
2019-06-11T09:20:49.000Z,54.90635500000001,25.173853,30,34500
2019-06-11T09:20:56.000Z,54.906223,25.174302,30,34560
2019-06-11T09:21:02.000Z,54.906098,25.174755,30,34600
2019-06-11T09:21:08.000Z,54.905972,25.175205,30,34620
2019-06-11T09:21:20.000Z,54.90572,25.17613,30,34580
2019-06-11T09:21:26.000Z,54.905587,25.17659,30,34540
2019-06-11T09:21:32.000Z,54.905447,25.17711,30,34490
2019-06-11T09:21:38.000Z,54.905343,25.177478,30,34480
2019-06-11T09:21:44.000Z,54.905213,25.177925,30,34450
2019-06-11T09:21:49.000Z,54.905075,25.178368,30,34440
2019-06-11T09:21:56.000Z,54.904932,25.178808,30,34430
2019-06-11T09:22:02.000Z,54.90479499999999,25.17925,30,34460
2019-06-11T09:22:08.000Z,54.904665,25.179698,30,34490
2019-06-11T09:22:13.000Z,54.904535,25.180155,31,34520
2019-06-11T09:22:20.000Z,54.904403,25.180612,31,34560
2019-06-11T09:22:26.000Z,54.904277,25.181065,31,34590
2019-06-11T09:22:32.000Z,54.904132,25.181592,31,34610
2019-06-11T09:22:38.000Z,54.904027,25.181973,31,34630
2019-06-11T09:22:44.000Z,54.903908,25.182433,31,34630
2019-06-11T09:22:49.000Z,54.90379300000001,25.18289,31,34630
2019-06-11T09:22:56.000Z,54.903675,25.183343,31,34610
2019-06-11T09:23:02.000Z,54.903553,25.183793,31,34580
2019-06-11T09:23:08.000Z,54.903427,25.184243,30,34580
2019-06-11T09:23:13.000Z,54.90329300000001,25.184692,30,34550
2019-06-11T09:23:20.000Z,54.90315699999999,25.18514,30,34530
2019-06-11T09:23:26.000Z,54.90302,25.185593,30,34540
2019-06-11T09:23:32.000Z,54.90286800000001,25.186127,30,34530
2019-06-11T09:23:38.000Z,54.902758,25.186507,30,34550
2019-06-11T09:23:44.000Z,54.902627,25.186967000000006,30,34580
2019-06-11T09:23:49.000Z,54.902503,25.187423000000006,30,34590
2019-06-11T09:23:56.000Z,54.90238000000001,25.187883,30,34610
2019-06-11T09:24:02.000Z,54.90226,25.188348,30,34650
2019-06-11T09:24:08.000Z,54.90214200000001,25.188807,30,34650
2019-06-11T09:24:13.000Z,54.902023,25.189262,30,34660
2019-06-11T09:24:20.000Z,54.90191,25.189715,30,34680
2019-06-11T09:24:26.000Z,54.901803,25.190168,30,34680
2019-06-11T09:24:32.000Z,54.901672,25.190692,30,34640
2019-06-11T09:24:44.000Z,54.901448,25.19151,30,34620
2019-06-11T09:24:49.000Z,54.901325,25.191965,30,34590
2019-06-11T09:24:57.000Z,54.901197,25.192417000000006,30,34560
2019-06-11T09:25:02.000Z,54.901057,25.192862,30,34560
2019-06-11T09:25:08.000Z,54.900923,25.193308,30,34560
2019-06-11T09:25:13.000Z,54.900797,25.193757,31,34560
2019-06-11T09:25:20.000Z,54.90066700000001,25.194203,31,34600
2019-06-11T09:25:25.000Z,54.900545,25.194657,31,34620
2019-06-11T09:25:33.000Z,54.900398,25.19519,31,34630
2019-06-11T09:25:38.000Z,54.900302,25.195575,31,34650
2019-06-11T09:25:44.000Z,54.900185,25.196038,31,34660
2019-06-11T09:25:49.000Z,54.90006800000001,25.1965,31,34670
2019-06-11T09:25:56.000Z,54.899952,25.19696,31,34670
2019-06-11T09:26:01.000Z,54.899835,25.197423,31,34680
2019-06-11T09:26:08.000Z,54.899717,25.197887,30,34660
2019-06-11T09:26:14.000Z,54.89957800000001,25.198418,30,34630
2019-06-11T09:26:20.000Z,54.899478,25.198798,30,34620
2019-06-11T09:26:25.000Z,54.89935500000001,25.199253,30,34620
2019-06-11T09:26:32.000Z,54.89921,25.199783,30,34590
2019-06-11T09:26:38.000Z,54.899103,25.200158,30,34580
2019-06-11T09:26:43.000Z,54.898973,25.200603,30,34580
2019-06-11T09:26:49.000Z,54.89885200000001,25.20105,30,34600
2019-06-11T09:26:56.000Z,54.89873299999999,25.201498,30,34620
2019-06-11T09:27:01.000Z,54.898615,25.201948,30,34630
2019-06-11T09:27:08.000Z,54.898498,25.202398,30,34630
2019-06-11T09:27:14.000Z,54.898357,25.202927,30,34650
2019-06-11T09:27:20.000Z,54.898257,25.203307,30,34650
2019-06-11T09:27:25.000Z,54.898135,25.203763,30,34660
2019-06-11T09:27:32.000Z,54.898012,25.20422,30,34660
2019-06-11T09:27:38.000Z,54.897893,25.204675,30,34680
2019-06-11T09:27:43.000Z,54.897778,25.20513,30,34680
2019-06-11T09:27:50.000Z,54.897665,25.205582,30,34670
2019-06-11T09:27:56.000Z,54.89755200000001,25.206028,30,34680
2019-06-11T09:28:01.000Z,54.89744,25.206475,30,34670
2019-06-11T09:28:08.000Z,54.897333,25.206923,30,34650
2019-06-11T09:28:14.000Z,54.897202,25.207443,30,34630
2019-06-11T09:28:20.000Z,54.8971,25.207813,30,34600
2019-06-11T09:28:25.000Z,54.896972,25.208258,30,34610
2019-06-11T09:28:32.000Z,54.89684000000001,25.208707,30,34620
2019-06-11T09:28:38.000Z,54.896712,25.209165,30,34630
2019-06-11T09:28:43.000Z,54.89658299999999,25.209623,30,34640
2019-06-11T09:28:50.000Z,54.896452,25.210077,30,34660
2019-06-11T09:28:55.000Z,54.896327,25.210527,30,34680
2019-06-11T09:29:01.000Z,54.896212,25.210973000000006,30,34670
2019-06-11T09:29:08.000Z,54.896103,25.211415,30,34660
2019-06-11T09:29:14.000Z,54.895972,25.211927,30,34680
2019-06-11T09:29:20.000Z,54.89588199999999,25.212293,30,34670
2019-06-11T09:29:25.000Z,54.895777,25.212735,30,34650
2019-06-11T09:29:32.000Z,54.895663,25.213178,30,34620
2019-06-11T09:29:38.000Z,54.89555,25.213628,30,34630
2019-06-11T09:29:43.000Z,54.89543199999999,25.21408,30,34610
2019-06-11T09:29:50.000Z,54.895307,25.21453,30,34570
2019-06-11T09:29:55.000Z,54.895172,25.214983,30,34580
2019-06-11T09:30:01.000Z,54.89504,25.215438,30,34580
2019-06-11T09:30:08.000Z,54.89491,25.215888,30,34590
2019-06-11T09:30:14.000Z,54.89476,25.216408,30,34610
2019-06-11T09:30:20.000Z,54.89466,25.216782,30,34610
2019-06-11T09:30:25.000Z,54.89454300000001,25.217232,30,34620
2019-06-11T09:30:32.000Z,54.894427,25.217682,30,34660
2019-06-11T09:30:38.000Z,54.894308,25.218132,30,34670
2019-06-11T09:30:43.000Z,54.89419300000001,25.218583,30,34670
2019-06-11T09:30:50.000Z,54.894083,25.21904,30,34700
2019-06-11T09:30:55.000Z,54.893967,25.219493,30,34700
2019-06-11T09:31:01.000Z,54.893848,25.21995,30,34690
2019-06-11T09:31:08.000Z,54.893733,25.220402,30,34670
2019-06-11T09:31:15.000Z,54.89362,25.22085,30,34650
2019-06-11T09:31:20.000Z,54.89350500000001,25.2213,30,34630
2019-06-11T09:31:25.000Z,54.89339,25.221747,30,34620
2019-06-11T09:31:32.000Z,54.893275,25.222192,30,34610
2019-06-11T09:31:38.000Z,54.89316,25.222635,30,34590
2019-06-11T09:31:44.000Z,54.89304,25.223082,30,34600
2019-06-11T09:31:50.000Z,54.892918,25.22353,30,34590
2019-06-11T09:31:56.000Z,54.89279499999999,25.223975,30,34610
2019-06-11T09:32:01.000Z,54.892673,25.224423,30,34630
2019-06-11T09:32:08.000Z,54.892545,25.224872,30,34650
2019-06-11T09:32:14.000Z,54.89242,25.225323,30,34660
2019-06-11T09:32:20.000Z,54.892298,25.22578,30,34670
2019-06-11T09:32:25.000Z,54.892178,25.226233,30,34680
2019-06-11T09:32:32.000Z,54.89206,25.226682,30,34670
2019-06-11T09:32:38.000Z,54.89194499999999,25.22713,30,34680
2019-06-11T09:32:43.000Z,54.891833,25.227578,30,34680
2019-06-11T09:32:50.000Z,54.89171700000001,25.22803,30,34650
2019-06-11T09:32:55.000Z,54.891602,25.228485,30,34640
2019-06-11T09:33:01.000Z,54.89148,25.228933,30,34610
2019-06-11T09:33:08.000Z,54.89135699999999,25.229378,30,34580
2019-06-11T09:33:14.000Z,54.891237,25.229825,30,34600
2019-06-11T09:33:20.000Z,54.891117,25.230275,30,34630
2019-06-11T09:33:26.000Z,54.89100500000001,25.230723,30,34640
2019-06-11T09:33:32.000Z,54.89089,25.231175,30,34650
2019-06-11T09:33:38.000Z,54.89076800000001,25.231628,30,34680
2019-06-11T09:33:43.000Z,54.89064499999999,25.23208,30,34680
2019-06-11T09:33:50.000Z,54.890525,25.232533,30,34680
2019-06-11T09:33:55.000Z,54.89041,25.232985,30,34690
2019-06-11T09:34:02.000Z,54.8903,25.23344,30,34690
2019-06-11T09:34:08.000Z,54.890185,25.233895,30,34690
2019-06-11T09:34:14.000Z,54.89007,25.234348,30,34680
2019-06-11T09:34:20.000Z,54.889962,25.234798,30,34680
2019-06-11T09:34:26.000Z,54.88985200000001,25.235248,30,34650
2019-06-11T09:34:32.000Z,54.889737,25.235698,30,34640
2019-06-11T09:34:38.000Z,54.889615,25.23615,30,34640
2019-06-11T09:34:44.000Z,54.889497,25.236605,30,34620
2019-06-11T09:34:50.000Z,54.889373,25.237053,30,34620
2019-06-11T09:34:55.000Z,54.889245,25.237498,30,34630
2019-06-11T09:35:02.000Z,54.889123,25.237942,30,34630
2019-06-11T09:35:08.000Z,54.888998,25.238382,30,34650
2019-06-11T09:35:15.000Z,54.888873,25.23882,30,34670
2019-06-11T09:35:20.000Z,54.888753,25.239265,30,34670
2019-06-11T09:35:26.000Z,54.888635,25.23971,30,34670
2019-06-11T09:35:32.000Z,54.888522,25.240158,30,34690
2019-06-11T09:35:38.000Z,54.88841,25.24061,30,34680
2019-06-11T09:35:44.000Z,54.888297,25.241063,30,34680
2019-06-11T09:35:50.000Z,54.88818199999999,25.241512,30,34670
2019-06-11T09:35:55.000Z,54.88806500000001,25.24196,30,34650
2019-06-11T09:36:08.000Z,54.887832,25.242868,30,34650
2019-06-11T09:36:14.000Z,54.887712,25.24332,30,34630
2019-06-11T09:36:20.000Z,54.887588,25.243765,30,34650
2019-06-11T09:36:26.000Z,54.887477,25.244213,30,34680
2019-06-11T09:36:32.000Z,54.88736700000001,25.244663,30,34690
2019-06-11T09:36:51.000Z,54.88701700000001,25.246018,30,34710
2019-06-11T09:36:56.000Z,54.886902,25.246473,30,34680
2019-06-11T09:37:02.000Z,54.886782,25.246923,30,34670
2019-06-11T09:37:08.000Z,54.886662,25.247372,30,34660
2019-06-11T09:37:14.000Z,54.88654,25.24782,30,34630
2019-06-11T09:37:20.000Z,54.88642,25.248265,30,34640
2019-06-11T09:37:26.000Z,54.886302,25.248713,30,34630
2019-06-11T09:37:32.000Z,54.886185,25.249163,30,34630
2019-06-11T09:37:38.000Z,54.886068,25.249617,30,34630
2019-06-11T09:37:44.000Z,54.885953,25.250072,30,34640
2019-06-11T09:37:56.000Z,54.88571999999999,25.250967000000006,30,34670
2019-06-11T09:38:02.000Z,54.8856,25.251415,30,34680
2019-06-11T09:38:08.000Z,54.885482,25.251862,30,34680
2019-06-11T09:38:14.000Z,54.885367,25.25231,30,34690
2019-06-11T09:38:20.000Z,54.88525300000001,25.252762,30,34690
2019-06-11T09:38:26.000Z,54.885138,25.25321,30,34690
2019-06-11T09:38:32.000Z,54.885027,25.253662,30,34700
2019-06-11T09:38:38.000Z,54.884918000000006,25.254108,30,34690
2019-06-11T09:38:44.000Z,54.884807,25.254553,30,34680
2019-06-11T09:38:56.000Z,54.884568,25.255447,30,34650
2019-06-11T09:39:03.000Z,54.884447,25.2559,30,34640
2019-06-11T09:39:08.000Z,54.884327,25.256357,30,34640
2019-06-11T09:39:14.000Z,54.884207,25.25681,30,34620
2019-06-11T09:39:20.000Z,54.884083,25.257257,30,34620
2019-06-11T09:39:26.000Z,54.88396,25.2577,30,34620
2019-06-11T09:39:32.000Z,54.883838,25.258147,30,34610
2019-06-11T09:39:38.000Z,54.883717,25.258602,30,34610
2019-06-11T09:39:44.000Z,54.88359300000001,25.259055,30,34630
2019-06-11T09:39:50.000Z,54.883473,25.259502,30,34650
2019-06-11T09:39:56.000Z,54.883358,25.25995,30,34670
2019-06-11T09:40:02.000Z,54.883252,25.260403,30,34710
2019-06-11T09:40:08.000Z,54.883143,25.260855,30,34740
2019-06-11T09:40:14.000Z,54.88303000000001,25.261305,30,34730
2019-06-11T09:40:20.000Z,54.88292,25.261768,30,34720
2019-06-11T09:40:26.000Z,54.88281,25.262222,30,34700
2019-06-11T09:40:31.000Z,54.882697,25.26267,30,34640
2019-06-11T09:40:38.000Z,54.88258,25.263122,30,34640
2019-06-11T09:40:44.000Z,54.882462,25.263577,30,34630
2019-06-11T09:40:50.000Z,54.88234300000001,25.264032,30,34620
2019-06-11T09:40:56.000Z,54.882222,25.264487,30,34620
2019-06-11T09:41:02.000Z,54.882068,25.26501,30,34640
2019-06-11T09:41:08.000Z,54.881962,25.265382,30,34660
2019-06-11T09:41:14.000Z,54.881838,25.26583,30,34680
2019-06-11T09:41:20.000Z,54.881718000000006,25.26628,30,34700
2019-06-11T09:41:25.000Z,54.88160300000001,25.26673,30,34710
2019-06-11T09:41:31.000Z,54.881487,25.267178,30,34710
2019-06-11T09:41:37.000Z,54.88137800000001,25.26763,30,34720
2019-06-11T09:41:44.000Z,54.88126800000001,25.268083,30,34710
2019-06-11T09:41:56.000Z,54.881033,25.268988,30,34660
2019-06-11T09:42:02.000Z,54.88089,25.269518,30,34660
2019-06-11T09:42:08.000Z,54.88079200000001,25.269898,30,34660
2019-06-11T09:42:14.000Z,54.880675,25.270357,30,34670
2019-06-11T09:42:20.000Z,54.880557,25.27081,30,34660
2019-06-11T09:42:25.000Z,54.880437,25.271258,30,34660
2019-06-11T09:42:31.000Z,54.88032,25.27171,30,34640
2019-06-11T09:42:37.000Z,54.880208,25.272163,30,34640
2019-06-11T09:42:44.000Z,54.880095,25.272612,30,34610
2019-06-11T09:42:49.000Z,54.879978,25.273065,30,34560
2019-06-11T09:42:56.000Z,54.879857,25.273515,30,34550
2019-06-11T09:43:02.000Z,54.879707,25.274038,30,34530
2019-06-11T09:43:08.000Z,54.879598,25.274415,30,34510
2019-06-11T09:43:14.000Z,54.87946700000001,25.274865,30,34490
2019-06-11T09:43:20.000Z,54.879332,25.275313,30,34490
2019-06-11T09:43:25.000Z,54.879198,25.275765,30,34460
2019-06-11T09:43:34.000Z,54.879065,25.276215,30,34460
2019-06-11T09:43:44.000Z,54.878795,25.277108,30,34450
2019-06-11T09:43:49.000Z,54.87866,25.27756,30,34470
2019-06-11T09:43:56.000Z,54.878523,25.27801,30,34480
2019-06-11T09:44:02.000Z,54.87836,25.278525,30,34490
2019-06-11T09:44:07.000Z,54.87824300000001,25.278888,30,34510
2019-06-11T09:44:14.000Z,54.87809,25.279402,30,34550
2019-06-11T09:44:20.000Z,54.877985,25.279775,30,34550
2019-06-11T09:44:25.000Z,54.877863,25.28023,30,34550
2019-06-11T09:44:32.000Z,54.87772,25.280757,30,34560
2019-06-11T09:44:37.000Z,54.877617,25.281133,30,34530
2019-06-11T09:44:44.000Z,54.877483,25.281578,30,34490
2019-06-11T09:44:49.000Z,54.877343,25.282025,30,34470
2019-06-11T09:44:56.000Z,54.877203,25.282473,30,34450
2019-06-11T09:45:07.000Z,54.876922,25.283362,30,34410
2019-06-11T09:45:14.000Z,54.876767,25.283875,30,34430
2019-06-11T09:45:20.000Z,54.87666,25.284242000000006,30,34450
2019-06-11T09:45:25.000Z,54.876535,25.284693,30,34460
2019-06-11T09:45:32.000Z,54.87639,25.285223,30,34500
2019-06-11T09:45:38.000Z,54.876263,25.285677,30,34520
2019-06-11T09:45:44.000Z,54.876155,25.286048,30,34530
2019-06-11T09:45:49.000Z,54.876013,25.286488,30,34520
2019-06-11T09:45:56.000Z,54.87586500000001,25.286935,30,34500
2019-06-11T09:46:02.000Z,54.875698,25.287448,30,34480
2019-06-11T09:46:07.000Z,54.875588,25.287815,30,34460
2019-06-11T09:46:14.000Z,54.87544000000001,25.28833,30,34460
2019-06-11T09:46:20.000Z,54.87533000000001,25.2887,30,34450
2019-06-11T09:46:25.000Z,54.875195,25.289147,30,34430
2019-06-11T09:46:32.000Z,54.875062,25.289595,30,34430
2019-06-11T09:46:38.000Z,54.87490699999999,25.290118,30,34420
2019-06-11T09:46:44.000Z,54.874793,25.290492,30,34420
2019-06-11T09:46:50.000Z,54.874653,25.290937,30,34420
2019-06-11T09:46:56.000Z,54.87451,25.29138,30,34460
2019-06-11T09:47:03.000Z,54.874375,25.291832,30,34460
2019-06-11T09:47:14.000Z,54.874085,25.292815,30,34510
2019-06-11T09:47:20.000Z,54.873973,25.29319,30,34500
2019-06-11T09:47:25.000Z,54.873842,25.293638,30,34510
2019-06-11T09:47:32.000Z,54.873713,25.294088,30,34530
2019-06-11T09:47:38.000Z,54.873562,25.294607,30,34520
2019-06-11T09:47:44.000Z,54.87345,25.294977,30,34510
2019-06-11T09:47:49.000Z,54.87331800000001,25.295423,30,34500
2019-06-11T09:47:56.000Z,54.873192,25.295867,30,34480
2019-06-11T09:48:02.000Z,54.873063,25.296308,30,34460
2019-06-11T09:48:07.000Z,54.87293199999999,25.296752,30,34450
2019-06-11T09:48:14.000Z,54.872778,25.297272,30,34440
2019-06-11T09:48:20.000Z,54.87266500000001,25.297647,30,34430
2019-06-11T09:48:25.000Z,54.87252700000001,25.298098,30,34430
2019-06-11T09:48:32.000Z,54.872385,25.298543,30,34470
2019-06-11T09:48:38.000Z,54.872222,25.299063,30,34470
2019-06-11T09:48:44.000Z,54.872108,25.299435,30,34470
2019-06-11T09:48:49.000Z,54.871975,25.299883,30,34480
2019-06-11T09:48:56.000Z,54.871842,25.30033,30,34490
2019-06-11T09:49:02.000Z,54.871707,25.300775,30,34490
2019-06-11T09:49:07.000Z,54.871572,25.301223,30,34480
2019-06-11T09:49:14.000Z,54.871412,25.301747,30,34470
2019-06-11T09:49:20.000Z,54.871298,25.30212,30,34450
2019-06-11T09:49:26.000Z,54.87116,25.302567,30,34430
2019-06-11T09:49:32.000Z,54.87102,25.303017,30,34440
2019-06-11T09:49:38.000Z,54.870882,25.303465,30,34430
2019-06-11T09:49:44.000Z,54.87074499999999,25.303912,30,34450
2019-06-11T09:49:50.000Z,54.870583,25.30443,30,34460
2019-06-11T09:49:56.000Z,54.870468,25.304802,30,34450
2019-06-11T09:50:02.000Z,54.870333,25.305245000000006,30,34460
2019-06-11T09:50:08.000Z,54.8702,25.305688,30,34460
2019-06-11T09:50:14.000Z,54.87004200000001,25.306205,30,34470
2019-06-11T09:50:20.000Z,54.86993199999999,25.306575,30,34470
2019-06-11T09:50:26.000Z,54.86980300000001,25.30702,30,34480
2019-06-11T09:50:31.000Z,54.869678,25.30747,30,34480
2019-06-11T09:50:38.000Z,54.86955,25.307917,30,34480
2019-06-11T09:50:44.000Z,54.869422,25.308365,30,34490
2019-06-11T09:50:50.000Z,54.869272,25.30889,30,34490
2019-06-11T09:50:56.000Z,54.869162,25.309265,30,34490
2019-06-11T09:51:02.000Z,54.869025,25.309717000000006,30,34480
2019-06-11T09:51:08.000Z,54.868885,25.310167,30,34490
2019-06-11T09:51:14.000Z,54.868725,25.310692,30,34490
2019-06-11T09:51:20.000Z,54.868613,25.311065,30,34470
2019-06-11T09:51:26.000Z,54.868478,25.311512,30,34460
2019-06-11T09:51:31.000Z,54.868343,25.311957,30,34430
2019-06-11T09:51:38.000Z,54.86821,25.312402,30,34440
2019-06-11T09:51:43.000Z,54.868073,25.312848,30,34440
2019-06-11T09:51:50.000Z,54.867912,25.313373,30,34430
2019-06-11T09:51:56.000Z,54.867793000000006,25.313748,30,34450
2019-06-11T09:52:02.000Z,54.867653,25.3142,30,34480
2019-06-11T09:52:08.000Z,54.867515,25.314645,30,34470
2019-06-11T09:52:14.000Z,54.86738,25.315095,30,34480
2019-06-11T09:52:19.000Z,54.86725,25.315545,30,34500
2019-06-11T09:52:26.000Z,54.86711700000001,25.315993,30,34490
2019-06-11T09:52:31.000Z,54.866987,25.31644,30,34490
2019-06-11T09:52:38.000Z,54.866862,25.316887,30,34500
2019-06-11T09:52:43.000Z,54.86673199999999,25.317333,30,34490
2019-06-11T09:52:50.000Z,54.866577,25.317853,30,34500
2019-06-11T09:52:56.000Z,54.86646700000001,25.318227,30,34500
2019-06-11T09:53:02.000Z,54.866335,25.318677,30,34490
2019-06-11T09:53:08.000Z,54.8662,25.319128,30,34490
2019-06-11T09:53:14.000Z,54.866067,25.319578,30,34490
2019-06-11T09:53:19.000Z,54.865938,25.320027,30,34480
2019-06-11T09:53:26.000Z,54.86581,25.320477,30,34470
2019-06-11T09:53:31.000Z,54.865678,25.320923,30,34440
2019-06-11T09:53:38.000Z,54.865547,25.32137,30,34430
2019-06-11T09:53:43.000Z,54.86541500000001,25.32182,30,34430
2019-06-11T09:53:50.000Z,54.86525200000001,25.322345,30,34420
2019-06-11T09:53:56.000Z,54.865135,25.322722,30,34440
2019-06-11T09:54:02.000Z,54.86499300000001,25.323175,30,34460
2019-06-11T09:54:08.000Z,54.86485699999999,25.32363,30,34460
2019-06-11T09:54:14.000Z,54.86472,25.324085,30,34470
2019-06-11T09:54:19.000Z,54.864583,25.324542,30,34480
2019-06-11T09:54:26.000Z,54.864447,25.324993,30,34480
2019-06-11T09:54:31.000Z,54.864308,25.32544,30,34490
2019-06-11T09:54:38.000Z,54.86417,25.325882,30,34480
2019-06-11T09:54:43.000Z,54.864037,25.326328,30,34460
2019-06-11T09:54:50.000Z,54.863885,25.326853,30,34430
2019-06-11T09:54:56.000Z,54.86375200000001,25.327295,30,34430
2019-06-11T09:55:01.000Z,54.863638,25.327665,30,34410
2019-06-11T09:55:08.000Z,54.863502,25.32811,30,34400
2019-06-11T09:55:14.000Z,54.863358,25.328557,30,34410
2019-06-11T09:55:20.000Z,54.863213,25.329002,30,34410
2019-06-11T09:55:26.000Z,54.86306800000001,25.32945,30,34410
2019-06-11T09:55:31.000Z,54.862925,25.329905,30,34420
2019-06-11T09:55:38.000Z,54.862787,25.330358,30,34450
2019-06-11T09:55:43.000Z,54.86264300000001,25.330803,30,34460
2019-06-11T09:55:50.000Z,54.862502,25.331245000000006,30,34460
2019-06-11T09:55:56.000Z,54.86234200000001,25.331762,30,34480
2019-06-11T09:56:01.000Z,54.862228,25.332135,30,34490
2019-06-11T09:56:08.000Z,54.862097,25.332583,30,34490
2019-06-11T09:56:20.000Z,54.861847,25.333483,30,34500
2019-06-11T09:56:31.000Z,54.861592,25.334382,30,34490
2019-06-11T09:56:38.000Z,54.86146,25.334835,30,34480
2019-06-11T09:56:43.000Z,54.861322,25.335287,30,34440
2019-06-11T09:56:50.000Z,54.86118199999999,25.335738,30,34430
2019-06-11T09:56:56.000Z,54.86102,25.336265,30,34440
2019-06-11T09:57:01.000Z,54.860905,25.336642,30,34420
2019-06-11T09:57:08.000Z,54.860762,25.337087,30,34410
2019-06-11T09:57:14.000Z,54.86061700000001,25.337528,30,34410
2019-06-11T09:57:20.000Z,54.860477,25.337977,30,34420
2019-06-11T09:57:25.000Z,54.86034,25.338428,30,34440
2019-06-11T09:57:32.000Z,54.860183,25.338957,30,34450
2019-06-11T09:57:38.000Z,54.860067,25.33933,30,34480
2019-06-11T09:57:43.000Z,54.85993000000001,25.33978,30,34490
2019-06-11T09:57:50.000Z,54.859802,25.340233,30,34500
2019-06-11T09:57:56.000Z,54.859652,25.340762,30,34520
2019-06-11T09:58:01.000Z,54.859547,25.341132,30,34500
2019-06-11T09:58:08.000Z,54.859413,25.341573,30,34470
2019-06-11T09:58:14.000Z,54.859275,25.34202,30,34450
2019-06-11T09:58:20.000Z,54.859137,25.342468,30,34440
2019-06-11T09:58:25.000Z,54.858997,25.342917,30,34430
2019-06-11T09:58:32.000Z,54.858835,25.343443,30,34420
2019-06-11T09:58:38.000Z,54.858723,25.343818,30,34420
2019-06-11T09:58:43.000Z,54.858587,25.344272,30,34410
2019-06-11T09:58:50.000Z,54.858438,25.344715,30,34430
2019-06-11T09:59:08.000Z,54.858032,25.346048,30,34470
2019-06-11T09:59:14.000Z,54.857903,25.346497,30,34490
2019-06-11T09:59:19.000Z,54.857773,25.346942,30,34520
2019-06-11T09:59:25.000Z,54.857645,25.347387,30,34520
2019-06-11T09:59:33.000Z,54.85749300000001,25.347907,30,34520
2019-06-11T09:59:38.000Z,54.857383,25.348283,30,34490
2019-06-11T09:59:56.000Z,54.85695,25.349707,30,34410
2019-06-11T10:00:01.000Z,54.856828,25.350078,30,34400
2019-06-11T10:00:08.000Z,54.856685,25.350525,30,34430
2019-06-11T10:00:14.000Z,54.856525,25.351047,30,34450
2019-06-11T10:00:19.000Z,54.85641,25.35142,30,34460
2019-06-11T10:00:44.000Z,54.855875,25.353232,30,34510
2019-06-11T10:00:50.000Z,54.855733,25.353677,30,34500
2019-06-11T10:00:56.000Z,54.85556999999999,25.354197,30,34480
2019-06-11T10:01:02.000Z,54.855458,25.354572,30,34460
2019-06-11T10:01:08.000Z,54.855323,25.355022,30,34450
2019-06-11T10:01:14.000Z,54.855165,25.355547,30,34430
2019-06-11T10:01:20.000Z,54.855048,25.35592,30,34430
2019-06-11T10:01:26.000Z,54.85489000000001,25.356443,30,34430
2019-06-11T10:01:33.000Z,54.85475699999999,25.356895,30,34430
2019-06-11T10:01:38.000Z,54.854643,25.357268,30,34440
2019-06-11T10:01:44.000Z,54.854508,25.35771,30,34470
2019-06-11T10:01:50.000Z,54.854373,25.358152,30,34470
2019-06-11T10:01:56.000Z,54.854218,25.358668,30,34470
2019-06-11T10:02:02.000Z,54.854105,25.359042,30,34490
2019-06-11T10:02:08.000Z,54.85397,25.359487,30,34490
2019-06-11T10:02:14.000Z,54.853812,25.360008,30,34490
2019-06-11T10:02:26.000Z,54.853548,25.360903,30,34490
2019-06-11T10:02:32.000Z,54.853422,25.361355,30,34500
2019-06-11T10:02:38.000Z,54.853317,25.361732,30,34500
2019-06-11T10:02:44.000Z,54.853188,25.362185,30,34490
2019-06-11T10:02:50.000Z,54.85305699999999,25.362637,30,34480
2019-06-11T10:02:57.000Z,54.852907,25.363162,30,34450
2019-06-11T10:03:02.000Z,54.85279499999999,25.363538,30,34440
2019-06-11T10:03:08.000Z,54.852658,25.363988,30,34440
2019-06-11T10:03:14.000Z,54.852497,25.36451,30,34420
2019-06-11T10:03:20.000Z,54.852378,25.364883,30,34420
2019-06-11T10:03:26.000Z,54.85221800000001,25.36541,30,34420
2019-06-11T10:03:32.000Z,54.852103,25.365783,30,34420
2019-06-11T10:03:38.000Z,54.851955,25.366223,30,34420
2019-06-11T10:03:44.000Z,54.851808,25.36666,30,34450
2019-06-11T10:03:49.000Z,54.851668,25.367105,30,34470
2019-06-11T10:03:56.000Z,54.851512,25.36763,30,34470
2019-06-11T10:04:02.000Z,54.85140300000001,25.368008,30,34490
2019-06-11T10:04:07.000Z,54.851277,25.368463,30,34500
2019-06-11T10:04:20.000Z,54.85102,25.369353,30,34520
2019-06-11T10:04:26.000Z,54.850875,25.369865,30,34510
2019-06-11T10:04:32.000Z,54.850768,25.370235,30,34490
2019-06-11T10:04:38.000Z,54.850638,25.370683,30,34470
2019-06-11T10:04:44.000Z,54.850502,25.371132,30,34460
2019-06-11T10:04:49.000Z,54.850365,25.371582,30,34440
2019-06-11T10:04:56.000Z,54.850202,25.372108,30,34420
2019-06-11T10:05:02.000Z,54.85008000000001,25.37248,30,34420
2019-06-11T10:05:07.000Z,54.849935,25.372928,30,34420
2019-06-11T10:05:14.000Z,54.84976999999999,25.37345,30,34410
2019-06-11T10:05:20.000Z,54.84966,25.373825,30,34430
2019-06-11T10:05:32.000Z,54.8494,25.374713,30,34450
2019-06-11T10:05:38.000Z,54.849268,25.37516,30,34470
2019-06-11T10:05:50.000Z,54.849008,25.376063,30,34500
2019-06-11T10:05:56.000Z,54.84885500000001,25.376585,30,34510
2019-06-11T10:06:02.000Z,54.848748,25.376958,30,34510
2019-06-11T10:06:07.000Z,54.84862,25.377407,30,34500
2019-06-11T10:06:14.000Z,54.848462,25.37793,30,34470
2019-06-11T10:06:20.000Z,54.848353,25.378307,30,34470
2019-06-11T10:06:26.000Z,54.84821700000001,25.378753,30,34440
2019-06-11T10:06:32.000Z,54.848078,25.379198,30,34420
2019-06-11T10:06:38.000Z,54.847938,25.379645,30,34420
2019-06-11T10:06:44.000Z,54.847802,25.380093,30,34420
2019-06-11T10:06:49.000Z,54.847663,25.380545,30,34410
2019-06-11T10:06:56.000Z,54.847498,25.381062,30,34450
2019-06-11T10:07:02.000Z,54.847385,25.381427,30,34470
2019-06-11T10:07:07.000Z,54.847247,25.381868,30,34460
2019-06-11T10:07:15.000Z,54.84709,25.382387,30,34480
2019-06-11T10:07:20.000Z,54.846985,25.38276,30,34500
2019-06-11T10:07:26.000Z,54.84685500000001,25.383205,30,34500
2019-06-11T10:07:33.000Z,54.846725,25.383652,30,34500
2019-06-11T10:07:38.000Z,54.84659499999999,25.384102,30,34520
2019-06-11T10:07:44.000Z,54.846463,25.384557,30,34510
2019-06-11T10:07:57.000Z,54.846162,25.385533,30,34460
2019-06-11T10:08:02.000Z,54.846047,25.385908,30,34460
2019-06-11T10:08:14.000Z,54.845747,25.386882,30,34430
2019-06-11T10:08:20.000Z,54.84563299999999,25.387258,30,34440
2019-06-11T10:08:26.000Z,54.84549200000001,25.387708,30,34440
2019-06-11T10:08:32.000Z,54.845352,25.38816,30,34450
2019-06-11T10:08:38.000Z,54.845215,25.388612,30,34490
2019-06-11T10:08:44.000Z,54.845083,25.38906,30,34480
2019-06-11T10:08:49.000Z,54.844952,25.38951,30,34480
2019-06-11T10:09:02.000Z,54.84469300000001,25.390412,30,34500
2019-06-11T10:09:08.000Z,54.844558,25.390858,30,34490
2019-06-11T10:09:14.000Z,54.844403,25.391383,30,34510
2019-06-11T10:09:20.000Z,54.844297,25.391763,30,34480
2019-06-11T10:09:26.000Z,54.844168,25.392215,30,34450
2019-06-11T10:09:32.000Z,54.84403,25.39266,30,34450
2019-06-11T10:09:38.000Z,54.843892,25.393102,30,34450
2019-06-11T10:09:44.000Z,54.843757,25.393545,30,34440
2019-06-11T10:09:50.000Z,54.843602,25.394057,30,34460
2019-06-11T10:09:56.000Z,54.843495,25.394423,30,34490
2019-06-11T10:10:03.000Z,54.843358,25.39487,30,34480
2019-06-11T10:10:14.000Z,54.843075,25.395847,30,34510
2019-06-11T10:10:20.000Z,54.842967,25.396225,30,34500
2019-06-11T10:10:26.000Z,54.842835,25.396675,30,34500
2019-06-11T10:10:32.000Z,54.8427,25.397123,30,34510
2019-06-11T10:10:40.000Z,54.842542,25.397645,30,34500
2019-06-11T10:10:44.000Z,54.84243000000001,25.398017000000007,30,34470
2019-06-11T10:10:50.000Z,54.842272,25.39854,30,34460
2019-06-11T10:10:56.000Z,54.842158,25.398912,30,34450
2019-06-11T10:11:02.000Z,54.842022,25.399358,30,34440
2019-06-11T10:11:13.000Z,54.84175,25.400252,30,34460
2019-06-11T10:11:20.000Z,54.841615,25.400705,30,34470
2019-06-11T10:11:26.000Z,54.84148,25.401158,30,34470
2019-06-11T10:11:32.000Z,54.841348,25.401612,30,34490
2019-06-11T10:11:38.000Z,54.841198,25.402142,30,34510
2019-06-11T10:11:44.000Z,54.84109,25.402520000000006,30,34510
2019-06-11T10:11:50.000Z,54.840938,25.403048,30,34520
2019-06-11T10:11:56.000Z,54.840833,25.403427,30,34520
2019-06-11T10:12:02.000Z,54.840707,25.403877,30,34520
2019-06-11T10:12:08.000Z,54.840573,25.40432,30,34490
2019-06-11T10:12:13.000Z,54.840438,25.404770000000006,30,34470
2019-06-11T10:12:20.000Z,54.84030300000001,25.405223,30,34460
2019-06-11T10:12:26.000Z,54.840167,25.405675,30,34450
2019-06-11T10:12:31.000Z,54.840033,25.406123,30,34440
2019-06-11T10:12:38.000Z,54.83987800000001,25.406648,30,34450
2019-06-11T10:12:44.000Z,54.83976800000001,25.407023,30,34460
2019-06-11T10:12:51.000Z,54.839613,25.407545,30,34480
2019-06-11T10:13:02.000Z,54.83936800000001,25.408365,30,34480
2019-06-11T10:13:08.000Z,54.839232,25.408815,30,34500
2019-06-11T10:13:13.000Z,54.839092,25.409263,30,34510
2019-06-11T10:13:20.000Z,54.83895699999999,25.409717,30,34500
2019-06-11T10:13:26.000Z,54.838798,25.410243,30,34500
2019-06-11T10:13:31.000Z,54.838688,25.410618,30,34500
2019-06-11T10:13:38.000Z,54.838535,25.41115,30,34480
2019-06-11T10:13:44.000Z,54.838423,25.41153,30,34460
2019-06-11T10:13:50.000Z,54.838267,25.412058,30,34450
2019-06-11T10:13:56.000Z,54.83815300000001,25.412437,30,34450
2019-06-11T10:14:02.000Z,54.838017,25.412887,30,34440
2019-06-11T10:14:13.000Z,54.837743,25.413782,30,34430
2019-06-11T10:14:20.000Z,54.837603,25.414223,30,34430
2019-06-11T10:14:26.000Z,54.837438,25.414737,30,34420
2019-06-11T10:14:32.000Z,54.83732,25.415105,30,34430
2019-06-11T10:14:44.000Z,54.83705,25.416007,30,34480
2019-06-11T10:14:50.000Z,54.83691500000001,25.416458,30,34490
2019-06-11T10:14:56.000Z,54.83678199999999,25.41691,30,34490
2019-06-11T10:15:02.000Z,54.836652,25.417363,30,34510
2019-06-11T10:15:08.000Z,54.83651999999999,25.417813,30,34510
2019-06-11T10:15:13.000Z,54.836388,25.418258,30,34490
2019-06-11T10:15:20.000Z,54.836253,25.418707,30,34470
2019-06-11T10:15:31.000Z,54.835977,25.419608,30,34460
2019-06-11T10:15:38.000Z,54.83584200000001,25.420058,30,34450
2019-06-11T10:15:44.000Z,54.835705,25.420505,30,34450
2019-06-11T10:15:50.000Z,54.83557,25.42095,30,34450
2019-06-11T10:15:56.000Z,54.835433,25.421395,30,34450
2019-06-11T10:16:01.000Z,54.8353,25.421845,30,34470
2019-06-11T10:16:08.000Z,54.83516700000001,25.422298,30,34480
2019-06-11T10:16:14.000Z,54.835033,25.42275,30,34490
2019-06-11T10:16:20.000Z,54.834895,25.423198,30,34510
2019-06-11T10:16:26.000Z,54.83474,25.42372,30,34530
2019-06-11T10:16:31.000Z,54.83463199999999,25.424095,30,34520
2019-06-11T10:16:38.000Z,54.834502,25.424548,30,34530
2019-06-11T10:16:44.000Z,54.834372,25.424998,30,34530
2019-06-11T10:16:56.000Z,54.834118,25.425903,30,34480
2019-06-11T10:17:01.000Z,54.833992,25.426358,30,34470
2019-06-11T10:17:08.000Z,54.833862,25.426812,30,34460
2019-06-11T10:17:26.000Z,54.83342800000001,25.428222,30,34470
2019-06-11T10:17:31.000Z,54.833315,25.428597,30,34470
2019-06-11T10:17:44.000Z,54.833048,25.429493,30,34490
2019-06-11T10:17:55.000Z,54.832782,25.430382,30,34510
2019-06-11T10:18:01.000Z,54.832648,25.43083,30,34520
2019-06-11T10:18:08.000Z,54.83251800000001,25.431277,30,34530
2019-06-11T10:18:20.000Z,54.832255,25.432178,30,34510
2019-06-11T10:18:26.000Z,54.83211800000001,25.432625,30,34490
2019-06-11T10:18:31.000Z,54.83198,25.43307,30,34480
2019-06-11T10:18:44.000Z,54.831712,25.433963,30,34460
2019-06-11T10:19:01.000Z,54.83131,25.435292,30,34440
2019-06-11T10:19:08.000Z,54.831177,25.435733,30,34440
2019-06-11T10:19:14.000Z,54.831017,25.436252,30,34440
2019-06-11T10:19:21.000Z,54.83087800000001,25.436698,30,34430
2019-06-11T10:19:26.000Z,54.830762,25.437072,30,34430
2019-06-11T10:19:32.000Z,54.830623,25.437525,30,34440
2019-06-11T10:19:45.000Z,54.830353,25.438423,30,34440
2019-06-11T10:19:50.000Z,54.830198,25.438942,30,34460
2019-06-11T10:19:55.000Z,54.83009000000001,25.439307,30,34480
2019-06-11T10:20:08.000Z,54.829832,25.440187,30,34510
2019-06-11T10:20:14.000Z,54.82968,25.440702,30,34510
2019-06-11T10:20:20.000Z,54.829548,25.441152,30,34500
2019-06-11T10:20:26.000Z,54.82944000000001,25.441533,30,34480
2019-06-11T10:20:32.000Z,54.829308,25.441988,30,34460
2019-06-11T10:20:44.000Z,54.829048,25.442878,30,34430
2019-06-11T10:20:55.000Z,54.828773,25.443755,30,34430
2019-06-11T10:21:02.000Z,54.82863,25.444192,30,34450
2019-06-11T10:21:14.000Z,54.828328000000006,25.445153,30,34490
2019-06-11T10:21:26.000Z,54.828082,25.445977,30,34500
2019-06-11T10:21:32.000Z,54.827955,25.446427,30,34510
2019-06-11T10:21:38.000Z,54.82783000000001,25.446873,30,34490
2019-06-11T10:21:50.000Z,54.82755,25.447838,30,34450
2019-06-11T10:21:55.000Z,54.82744,25.448208,30,34450
2019-06-11T10:22:02.000Z,54.827307,25.448655,30,34430
2019-06-11T10:22:08.000Z,54.827165,25.449102,30,34430
2019-06-11T10:22:14.000Z,54.827,25.449622,30,34440
2019-06-11T10:22:20.000Z,54.826862,25.450068,30,34430
2019-06-11T10:22:26.000Z,54.82675,25.450438,30,34420
2019-06-11T10:22:32.000Z,54.826613,25.450885,30,34430
2019-06-11T10:22:38.000Z,54.82648199999999,25.451333,30,34450
2019-06-11T10:22:44.000Z,54.826352,25.451782,30,34470
2019-06-11T10:22:50.000Z,54.826197,25.452303,30,34480
2019-06-11T10:22:55.000Z,54.826088,25.452677,30,34490
2019-06-11T10:23:02.000Z,54.82595799999999,25.453125,30,34500
2019-06-11T10:23:08.000Z,54.825827,25.453570000000006,30,34510
2019-06-11T10:23:14.000Z,54.82567,25.454088,30,34490
2019-06-11T10:23:26.000Z,54.825418000000006,25.454908,30,34470
2019-06-11T10:23:32.000Z,54.825282,25.455353,30,34450
2019-06-11T10:23:38.000Z,54.82514499999999,25.455797,30,34450
2019-06-11T10:23:43.000Z,54.825013,25.456237,30,34450
2019-06-11T10:23:50.000Z,54.82486,25.456755,30,34450
2019-06-11T10:23:56.000Z,54.82475,25.457118,30,34440
2019-06-11T10:24:02.000Z,54.824615,25.457558,30,34440
2019-06-11T10:24:08.000Z,54.824475,25.458005,30,34460
2019-06-11T10:24:20.000Z,54.824173,25.458973,30,34470
2019-06-11T10:24:26.000Z,54.824058,25.45935,30,34480
2019-06-11T10:24:32.000Z,54.823917,25.4598,30,34500
2019-06-11T10:24:38.000Z,54.823778,25.460245,30,34490
2019-06-11T10:24:50.000Z,54.823483,25.461213,30,34500
2019-06-11T10:24:56.000Z,54.823372,25.461592,30,34490
2019-06-11T10:25:02.000Z,54.823238,25.462043,30,34490
2019-06-11T10:25:08.000Z,54.823115,25.462488,30,34480
2019-06-11T10:25:13.000Z,54.822993,25.462933,30,34470
2019-06-11T10:25:26.000Z,54.822723,25.463817,30,34420
2019-06-11T10:25:32.000Z,54.822583,25.464257,30,34380
2019-06-11T10:25:38.000Z,54.822442,25.464695000000006,30,34350
2019-06-11T10:25:43.000Z,54.822295,25.46514,30,34340
2019-06-11T10:25:50.000Z,54.82211700000001,25.46566,30,34300
2019-06-11T10:25:56.000Z,54.82199,25.466025,30,34280
2019-06-11T10:26:02.000Z,54.821842,25.466458,30,34280
2019-06-11T10:26:08.000Z,54.821695,25.466895,30,34270
2019-06-11T10:26:14.000Z,54.82155,25.467335,30,34250
2019-06-11T10:26:20.000Z,54.82137700000001,25.467842,30,34250
2019-06-11T10:26:26.000Z,54.821248,25.468208,30,34270
2019-06-11T10:26:32.000Z,54.82109300000001,25.468653,30,34280
2019-06-11T10:26:38.000Z,54.820938,25.469098,30,34290
2019-06-11T10:26:50.000Z,54.820615,25.470063,30,34330
2019-06-11T10:26:56.000Z,54.820492,25.47043,30,34330
2019-06-11T10:27:08.000Z,54.820203,25.4713,30,34320
2019-06-11T10:27:13.000Z,54.820058,25.471737,30,34290
2019-06-11T10:27:20.000Z,54.819885,25.472248,30,34270
2019-06-11T10:27:26.000Z,54.819763,25.472617,30,34260
2019-06-11T10:27:38.000Z,54.819462,25.473505,30,34240
2019-06-11T10:27:43.000Z,54.81930500000001,25.473947,30,34260
2019-06-11T10:27:50.000Z,54.81913,25.474463,30,34280
2019-06-11T10:27:56.000Z,54.819005,25.474828,30,34280
2019-06-11T10:28:02.000Z,54.818853,25.475273,30,34280
2019-06-11T10:28:08.000Z,54.818705,25.475718,30,34300
2019-06-11T10:28:13.000Z,54.818558,25.47616,30,34320
2019-06-11T10:28:20.000Z,54.818387,25.476673,30,34320
2019-06-11T10:28:26.000Z,54.818263,25.47704,30,34330
2019-06-11T10:28:32.000Z,54.81811800000001,25.477478,30,34310
2019-06-11T10:28:38.000Z,54.81797,25.477917,30,34280
2019-06-11T10:28:43.000Z,54.81781700000001,25.478355,30,34270
2019-06-11T10:28:50.000Z,54.817642000000006,25.47887,30,34250
2019-06-11T10:28:56.000Z,54.817515,25.479237,30,34220
2019-06-11T10:29:02.000Z,54.817363,25.479665,30,34230
2019-06-11T10:29:08.000Z,54.817213,25.4801,30,34230
2019-06-11T10:29:13.000Z,54.817062,25.48054,30,34230
2019-06-11T10:29:20.000Z,54.81689,25.481055,30,34250
2019-06-11T10:29:26.000Z,54.81677,25.481422,30,34270
2019-06-11T10:29:32.000Z,54.816623,25.481863,30,34270
2019-06-11T10:29:38.000Z,54.816477,25.482302,30,34290
2019-06-11T10:29:43.000Z,54.81633000000001,25.48274,30,34300
2019-06-11T10:29:50.000Z,54.816185,25.483183,30,34290
2019-06-11T10:29:56.000Z,54.816037,25.483627,30,34300
2019-06-11T10:30:02.000Z,54.815885,25.484067,30,34290
2019-06-11T10:30:08.000Z,54.81573,25.484505,30,34250
2019-06-11T10:30:14.000Z,54.815567,25.484945,30,34250
2019-06-11T10:30:21.000Z,54.81538000000001,25.48546,30,34240
2019-06-11T10:30:26.000Z,54.815245,25.485825,30,34220
2019-06-11T10:30:32.000Z,54.815085,25.486267,30,34220
2019-06-11T10:30:38.000Z,54.81493,25.486712,30,34230
2019-06-11T10:30:43.000Z,54.814775,25.487153,30,34220
2019-06-11T10:30:50.000Z,54.81461700000001,25.487592000000006,30,34210
2019-06-11T10:30:55.000Z,54.81446,25.488017000000006,30,34240
2019-06-11T10:31:02.000Z,54.814312,25.488445,30,34250
2019-06-11T10:31:08.000Z,54.81416700000001,25.488875,30,34250
2019-06-11T10:31:14.000Z,54.814025,25.489318,30,34270
2019-06-11T10:31:20.000Z,54.81385699999999,25.489845000000006,30,34290
2019-06-11T10:31:26.000Z,54.81373000000001,25.490217,30,34290
2019-06-11T10:31:32.000Z,54.813577,25.490665,30,34310
2019-06-11T10:31:38.000Z,54.813425,25.491112,30,34340
2019-06-11T10:31:44.000Z,54.81325,25.49163,30,34330
2019-06-11T10:31:50.000Z,54.813123,25.49199,30,34310
2019-06-11T10:31:55.000Z,54.812973,25.492423,30,34300
2019-06-11T10:32:02.000Z,54.812823,25.492858,30,34280
2019-06-11T10:32:08.000Z,54.812668,25.49329,30,34250
2019-06-11T10:32:14.000Z,54.81251500000001,25.493727,30,34240
2019-06-11T10:32:20.000Z,54.81234,25.494235,30,34240
2019-06-11T10:32:26.000Z,54.812217,25.4946,30,34220
2019-06-11T10:32:32.000Z,54.812063,25.495038,30,34210
2019-06-11T10:32:38.000Z,54.81191,25.495482,30,34220
2019-06-11T10:32:45.000Z,54.81173,25.496005,30,34250
2019-06-11T10:32:58.000Z,54.811607,25.496375,30,34280
2019-06-11T10:33:20.000Z,54.810837,25.498645,30,34320
2019-06-11T10:33:26.000Z,54.810715,25.499013,30,34300
2019-06-11T10:33:31.000Z,54.81057,25.499455,30,34280
2019-06-11T10:33:38.000Z,54.81041800000001,25.499895,30,34260
2019-06-11T10:33:44.000Z,54.810238,25.500407,30,34250
2019-06-11T10:33:50.000Z,54.810115,25.500773,30,34250
2019-06-11T10:33:56.000Z,54.809963,25.501213,30,34260
2019-06-11T10:34:02.000Z,54.809817,25.501647,30,34280
2019-06-11T10:34:08.000Z,54.809645,25.502153,30,34270
2019-06-11T10:34:14.000Z,54.809523,25.502515,30,34270
2019-06-11T10:34:19.000Z,54.80938,25.502953,30,34280
2019-06-11T10:34:31.000Z,54.80909200000001,25.503825,30,34280
2019-06-11T10:34:38.000Z,54.808947,25.504263,30,34310
2019-06-11T10:34:44.000Z,54.808775,25.504775,30,34340
2019-06-11T10:34:50.000Z,54.808653,25.505143,30,34320
2019-06-11T10:34:55.000Z,54.80850699999999,25.505585,30,34310
2019-06-11T10:35:02.000Z,54.80836,25.50603,30,34290
2019-06-11T10:35:08.000Z,54.808188,25.50655,30,34270
2019-06-11T10:35:19.000Z,54.807915,25.50736,30,34230
2019-06-11T10:35:26.000Z,54.80775799999999,25.507792,30,34230
2019-06-11T10:35:31.000Z,54.807603,25.508222,30,34220
2019-06-11T10:35:38.000Z,54.807443000000006,25.508653,30,34240
2019-06-11T10:35:44.000Z,54.80726,25.509175,30,34280
2019-06-11T10:35:50.000Z,54.807135,25.509552,30,34280
2019-06-11T10:35:55.000Z,54.806982,25.51,30,34290
2019-06-11T10:36:02.000Z,54.80683000000001,25.510442,30,34300
2019-06-11T10:36:08.000Z,54.806652,25.510953,30,34300
2019-06-11T10:36:26.000Z,54.806225,25.512183,30,34270
2019-06-11T10:36:31.000Z,54.806077,25.512622,30,34250
2019-06-11T10:36:38.000Z,54.805927,25.51306,30,34220
2019-06-11T10:36:45.000Z,54.805747,25.513568,30,34210
2019-06-11T10:36:50.000Z,54.805618,25.51393,30,34230
2019-06-11T10:36:56.000Z,54.80546700000001,25.514365,30,34250
2019-06-11T10:37:02.000Z,54.80532,25.51481,30,34260
2019-06-11T10:37:08.000Z,54.805152,25.515333,30,34280
2019-06-11T10:37:19.000Z,54.804878,25.516142,30,34290
2019-06-11T10:37:26.000Z,54.804727,25.516577,30,34290
2019-06-11T10:37:32.000Z,54.804552,25.51708,30,34270
2019-06-11T10:37:38.000Z,54.804428,25.517442000000006,30,34260
2019-06-11T10:37:44.000Z,54.80425500000001,25.51795,30,34260
2019-06-11T10:37:50.000Z,54.80413000000001,25.518313,30,34250
2019-06-11T10:37:56.000Z,54.803977,25.518752,30,34230
2019-06-11T10:38:02.000Z,54.80382,25.51919,30,34210
2019-06-11T10:38:08.000Z,54.803633,25.519708,30,34230
2019-06-11T10:38:13.000Z,54.803498,25.52008,30,34250
2019-06-11T10:38:19.000Z,54.80334000000001,25.520523,30,34270
2019-06-11T10:38:26.000Z,54.803185,25.520967,30,34260
2019-06-11T10:38:38.000Z,54.80301,25.52148,30,34280
2019-06-11T10:38:51.000Z,54.80260300000001,25.522717,30,34290
2019-06-11T10:38:56.000Z,54.802458,25.523152,30,34290
2019-06-11T10:39:02.000Z,54.802312,25.523588,30,34280
2019-06-11T10:39:08.000Z,54.802133,25.524093,30,34260
2019-06-11T10:39:13.000Z,54.802003000000006,25.524457,30,34260
2019-06-11T10:39:19.000Z,54.801848,25.524892,30,34260
2019-06-11T10:39:32.000Z,54.80151,25.52584,30,34240
2019-06-11T10:39:38.000Z,54.801387,25.526207,30,34230
2019-06-11T10:39:44.000Z,54.80121,25.526722,30,34230
2019-06-11T10:39:50.000Z,54.801085,25.527085,30,34220
2019-06-11T10:39:56.000Z,54.800938,25.527518,30,34220
2019-06-11T10:40:02.000Z,54.800788,25.52795,30,34220
2019-06-11T10:40:13.000Z,54.80049,25.528818,30,34220
2019-06-11T10:40:19.000Z,54.800337,25.529253,30,34230
2019-06-11T10:40:26.000Z,54.80018000000001,25.529692,30,34260
2019-06-11T10:40:32.000Z,54.799998,25.530208,30,34260
2019-06-11T10:40:38.000Z,54.799867000000006,25.530578,30,34270
2019-06-11T10:40:44.000Z,54.799687,25.531095,30,34290
2019-06-11T10:40:50.000Z,54.799565,25.531463,30,34300
2019-06-11T10:40:56.000Z,54.799422,25.531905,30,34280
2019-06-11T10:41:02.000Z,54.799277,25.532338,30,34260
2019-06-11T10:41:08.000Z,54.799103,25.532845,30,34250
2019-06-11T10:41:13.000Z,54.79898000000001,25.53321,30,34250
2019-06-11T10:41:19.000Z,54.79883,25.533648,30,34240
2019-06-11T10:41:26.000Z,54.79868,25.53409,30,34240
2019-06-11T10:41:32.000Z,54.798503,25.534602,30,34240
2019-06-11T10:41:39.000Z,54.798378,25.534967,30,34250
2019-06-11T10:41:44.000Z,54.7982,25.535473,30,34230
2019-06-11T10:41:50.000Z,54.798075,25.535835,30,34220
2019-06-11T10:41:56.000Z,54.79792,25.536268,30,34200
2019-06-11T10:42:02.000Z,54.797762,25.536705,30,34190
2019-06-11T10:42:08.000Z,54.797572,25.537213,30,34180
2019-06-11T10:42:13.000Z,54.797438,25.537573,30,34190
2019-06-11T10:42:20.000Z,54.79728000000001,25.538003,30,34210
2019-06-11T10:42:26.000Z,54.797135,25.538432,30,34250
2019-06-11T10:42:32.000Z,54.79696800000001,25.538932,30,34260
2019-06-11T10:42:38.000Z,54.796847,25.53929,30,34270
2019-06-11T10:42:44.000Z,54.79668,25.539795,30,34290
2019-06-11T10:42:50.000Z,54.79655500000001,25.540155,30,34280
2019-06-11T10:43:03.000Z,54.796255,25.541025,30,34280
2019-06-11T10:43:08.000Z,54.796082,25.541535,30,34270
2019-06-11T10:43:14.000Z,54.795955000000006,25.541903,30,34260
2019-06-11T10:43:20.000Z,54.795795,25.542345,30,34230
2019-06-11T10:43:32.000Z,54.79545,25.543303,30,34230
2019-06-11T10:43:50.000Z,54.79505699999999,25.54454,30,34300
2019-06-11T10:43:55.000Z,54.79492,25.544973,30,34310
2019-06-11T10:44:02.000Z,54.794775,25.545403,30,34320
2019-06-11T10:44:20.000Z,54.794325,25.546718,30,34280
2019-06-11T10:44:26.000Z,54.794178,25.547153,30,34270
2019-06-11T10:44:32.000Z,54.794035,25.547585,30,34260
2019-06-11T10:44:38.000Z,54.79389200000001,25.548013,30,34250
2019-06-11T10:44:44.000Z,54.793712,25.548515,30,34280
2019-06-11T10:44:50.000Z,54.793582,25.548873,30,34290
2019-06-11T10:44:55.000Z,54.79343000000001,25.549307,30,34290
2019-06-11T10:45:02.000Z,54.793275,25.549743,30,34300
2019-06-11T10:45:08.000Z,54.793095,25.550255,30,34310
2019-06-11T10:45:14.000Z,54.792972,25.550622,30,34300
2019-06-11T10:45:20.000Z,54.792823,25.551062,30,34300
2019-06-11T10:45:26.000Z,54.792675,25.551502,30,34320
2019-06-11T10:45:32.000Z,54.792530000000006,25.551942,30,34310
2019-06-11T10:45:38.000Z,54.792387,25.552378,30,34310
2019-06-11T10:45:44.000Z,54.792217,25.552887,30,34310
2019-06-11T10:45:50.000Z,54.792098,25.55325,30,34310
2019-06-11T10:45:55.000Z,54.791955,25.553682,30,34270
2019-06-11T10:46:02.000Z,54.791805,25.554118,30,34260
2019-06-11T10:46:08.000Z,54.79162700000001,25.55463,30,34270
2019-06-11T10:46:14.000Z,54.7915,25.55499,30,34260
2019-06-11T10:46:20.000Z,54.791318,25.555493,30,34270
2019-06-11T10:46:26.000Z,54.79119300000001,25.555855,30,34310
2019-06-11T10:46:38.000Z,54.790897,25.556725,30,34310
2019-06-11T10:46:45.000Z,54.790733,25.557235,30,34340
2019-06-11T10:46:50.000Z,54.79061700000001,25.557598,30,34350
2019-06-11T10:46:55.000Z,54.790475,25.558035,30,34340
2019-06-11T10:47:02.000Z,54.790335,25.558477,30,34350
2019-06-11T10:47:14.000Z,54.790052,25.55936,30,34360
2019-06-11T10:47:20.000Z,54.78989,25.559872,30,34340
2019-06-11T10:47:25.000Z,54.789775,25.560235,30,34310
2019-06-11T10:47:38.000Z,54.78949300000001,25.561108,30,34280
2019-06-11T10:47:44.000Z,54.78931800000001,25.561615,30,34250
2019-06-11T10:48:02.000Z,54.788863,25.562912,30,34280
2019-06-11T10:48:14.000Z,54.788608,25.563703,30,34330
2019-06-11T10:48:32.000Z,54.78818199999999,25.565003,30,34350
2019-06-11T10:48:38.000Z,54.788038,25.565435,30,34340
2019-06-11T10:48:44.000Z,54.78786,25.565938,30,34290
2019-06-11T10:48:56.000Z,54.787578,25.56673,30,34270
2019-06-11T10:49:03.000Z,54.787402,25.567235,30,34240
2019-06-11T10:49:09.000Z,54.787252,25.567668,30,34240
2019-06-11T10:49:14.000Z,54.787125,25.568032,30,34250
2019-06-11T10:49:20.000Z,54.786948,25.568545,30,34260
2019-06-11T10:49:25.000Z,54.786822,25.568912,30,34290
2019-06-11T10:49:32.000Z,54.786673,25.569352,30,34300
2019-06-11T10:49:38.000Z,54.786532,25.569787,30,34300
2019-06-11T10:49:43.000Z,54.786398,25.570220000000006,30,34320
2019-06-11T10:49:50.000Z,54.786263,25.570652,30,34350
2019-06-11T10:49:56.000Z,54.786107,25.57115,30,34370
2019-06-11T10:50:02.000Z,54.785972,25.571577,30,34350
2019-06-11T10:50:14.000Z,54.785713,25.572358,30,34310
2019-06-11T10:50:20.000Z,54.785543,25.572863,30,34280
2019-06-11T10:50:25.000Z,54.78542,25.573235,30,34270
2019-06-11T10:50:38.000Z,54.785122,25.574097,30,34270
2019-06-11T10:50:43.000Z,54.784965,25.574528,30,34300
2019-06-11T10:50:50.000Z,54.784817,25.574967,30,34330
2019-06-11T10:50:57.000Z,54.784645,25.575473,30,34340
2019-06-11T10:51:02.000Z,54.784498,25.575907,30,34350
2019-06-11T10:51:09.000Z,54.784378,25.576272,30,34330
2019-06-11T10:51:14.000Z,54.784235,25.576707,30,34320
2019-06-11T10:51:20.000Z,54.784063,25.577212,30,34290
2019-06-11T10:51:26.000Z,54.78394,25.577572,30,34280
2019-06-11T10:51:32.000Z,54.78379200000001,25.578003,30,34260
2019-06-11T10:51:38.000Z,54.783647,25.578437,30,34260
2019-06-11T10:51:45.000Z,54.78350500000001,25.578872,30,34290
2019-06-11T10:51:50.000Z,54.783365,25.579307,30,34290
2019-06-11T10:51:57.000Z,54.783193,25.579812,30,34290
2019-06-11T10:52:02.000Z,54.783043000000006,25.58025,30,34310
2019-06-11T10:52:07.000Z,54.782922,25.580613,30,34330
2019-06-11T10:52:14.000Z,54.782778,25.581047,30,34340
2019-06-11T10:52:19.000Z,54.782638,25.58148,30,34340
2019-06-11T10:52:26.000Z,54.782498,25.581912,30,34340
2019-06-11T10:52:33.000Z,54.78236,25.582347,30,34310
2019-06-11T10:52:38.000Z,54.782215,25.582778,30,34290
2019-06-11T10:52:43.000Z,54.782065,25.583213,30,34290
2019-06-11T10:52:50.000Z,54.78191800000001,25.583645,30,34270
2019-06-11T10:53:02.000Z,54.781597,25.584578,30,34280
2019-06-11T10:53:07.000Z,54.781475,25.584933,30,34310
2019-06-11T10:53:13.000Z,54.78133,25.585363,30,34310
2019-06-11T10:53:19.000Z,54.781187,25.585797,30,34320
2019-06-11T10:53:26.000Z,54.781043,25.586233,30,34350
2019-06-11T10:53:32.000Z,54.78090200000001,25.58667,30,34370
2019-06-11T10:53:38.000Z,54.780758,25.587103,30,34360
2019-06-11T10:53:44.000Z,54.78061700000001,25.587537,30,34370
2019-06-11T10:53:50.000Z,54.78047700000001,25.587972,30,34340
2019-06-11T10:54:07.000Z,54.780042,25.589275,30,34330
2019-06-11T10:54:13.000Z,54.779895,25.58971,30,34310
2019-06-11T10:54:19.000Z,54.779747,25.590145,30,34320
2019-06-11T10:54:26.000Z,54.779605,25.59058,30,34330
2019-06-11T10:54:32.000Z,54.779463,25.591013,30,34320
2019-06-11T10:54:38.000Z,54.779297,25.591518,30,34320
2019-06-11T10:54:44.000Z,54.77918,25.591878,30,34330
2019-06-11T10:54:50.000Z,54.779042,25.592313,30,34360
2019-06-11T10:54:56.000Z,54.778872,25.592837,30,34360
2019-06-11T10:55:02.000Z,54.778727,25.593287,30,34370
2019-06-11T10:55:08.000Z,54.778608,25.593658,30,34380
2019-06-11T10:55:13.000Z,54.778468,25.594105,30,34380
2019-06-11T10:55:19.000Z,54.778328,25.594543,30,34340
2019-06-11T10:55:26.000Z,54.778187,25.594972,30,34330
2019-06-11T10:55:32.000Z,54.778045,25.595403,30,34330
2019-06-11T10:55:38.000Z,54.777873,25.595913,30,34310
2019-06-11T10:55:44.000Z,54.77775,25.59628,30,34310
2019-06-11T10:55:50.000Z,54.777602,25.59672,30,34320
2019-06-11T10:55:57.000Z,54.777432,25.597232,30,34330
2019-06-11T10:56:02.000Z,54.777288,25.59767,30,34350
2019-06-11T10:56:08.000Z,54.777168,25.598032,30,34350
2019-06-11T10:56:13.000Z,54.777027,25.598462,30,34350
2019-06-11T10:56:19.000Z,54.776885,25.598893,30,34350
2019-06-11T10:56:26.000Z,54.77674,25.599325,30,34350
2019-06-11T10:56:33.000Z,54.776588,25.599762,30,34320
2019-06-11T10:56:38.000Z,54.776413,25.600272,30,34310
2019-06-11T10:56:44.000Z,54.77629,25.600637,30,34320
2019-06-11T10:56:50.000Z,54.77614300000001,25.601075,30,34310
2019-06-11T10:56:56.000Z,54.775968000000006,25.601585,30,34290
2019-06-11T10:57:02.000Z,54.77582,25.602025,30,34310
2019-06-11T10:57:08.000Z,54.775698,25.60239,30,34300
2019-06-11T10:57:13.000Z,54.775558,25.602823,30,34300
2019-06-11T10:57:20.000Z,54.775413,25.603258,30,34330
2019-06-11T10:57:26.000Z,54.77526999999999,25.603698,30,34340
2019-06-11T10:57:32.000Z,54.775123,25.60414,30,34330
2019-06-11T10:57:38.000Z,54.774953,25.604658,30,34350
2019-06-11T10:57:44.000Z,54.774835,25.605027,30,34350
2019-06-11T10:57:50.000Z,54.774693000000006,25.605465,30,34330
2019-06-11T10:57:56.000Z,54.77455,25.605902,30,34320
2019-06-11T10:58:02.000Z,54.77438000000001,25.606408,30,34300
2019-06-11T10:58:08.000Z,54.774258,25.60677,30,34300
2019-06-11T10:58:13.000Z,54.774108,25.60721,30,34310
2019-06-11T10:58:20.000Z,54.77395799999999,25.607657,30,34320
2019-06-11T10:58:26.000Z,54.773808,25.6081,30,34330
2019-06-11T10:58:32.000Z,54.77366,25.60854,30,34340
2019-06-11T10:58:38.000Z,54.77349,25.609052,30,34350
2019-06-11T10:58:44.000Z,54.773372,25.60942,30,34340
2019-06-11T10:58:50.000Z,54.77323000000001,25.60986,30,34350
2019-06-11T10:58:56.000Z,54.773088,25.610298,30,34360
2019-06-11T10:59:03.000Z,54.772923,25.610803,30,34360
2019-06-11T10:59:08.000Z,54.77280500000001,25.611167,30,34350
2019-06-11T10:59:20.000Z,54.772513,25.61205,30,34350
2019-06-11T10:59:26.000Z,54.77237,25.612493,30,34350
2019-06-11T10:59:32.000Z,54.772225,25.612932,30,34350
2019-06-11T10:59:38.000Z,54.772058,25.613442000000006,30,34320
2019-06-11T10:59:44.000Z,54.771913,25.613877,30,34300
2019-06-11T10:59:50.000Z,54.771793,25.614238,30,34290
2019-06-11T10:59:56.000Z,54.771647,25.614672,30,34290
2019-06-11T11:00:01.000Z,54.771498,25.615107,30,34280
2019-06-11T11:00:08.000Z,54.77135300000001,25.615542,30,34270
2019-06-11T11:00:13.000Z,54.77121,25.615978,30,34270
2019-06-11T11:00:21.000Z,54.771065,25.616413,30,34280
2019-06-11T11:00:26.000Z,54.770915,25.616848,30,34300
2019-06-11T11:00:32.000Z,54.770765,25.617287,30,34320
2019-06-11T11:00:38.000Z,54.770618000000006,25.617725,30,34320
2019-06-11T11:00:44.000Z,54.77045,25.618235,30,34350
2019-06-11T11:00:50.000Z,54.770335,25.618598,30,34350
2019-06-11T11:00:56.000Z,54.770195,25.619038,30,34340
2019-06-11T11:01:01.000Z,54.770055000000006,25.61948,30,34340
2019-06-11T11:01:13.000Z,54.76976,25.620358,30,34290
2019-06-11T11:01:20.000Z,54.769613,25.620798,30,34290
2019-06-11T11:01:26.000Z,54.769463,25.62124,30,34290
2019-06-11T11:01:32.000Z,54.769315,25.621682,30,34270
2019-06-11T11:01:38.000Z,54.769158,25.62212,30,34280
2019-06-11T11:01:45.000Z,54.768982,25.622632,30,34300
2019-06-11T11:01:50.000Z,54.768862,25.623,30,34310
2019-06-11T11:02:08.000Z,54.768437,25.624325,30,34330
2019-06-11T11:02:14.000Z,54.768292,25.624762,30,34340
2019-06-11T11:02:20.000Z,54.76815,25.6252,30,34320
2019-06-11T11:02:32.000Z,54.767855,25.626088,30,34290
2019-06-11T11:02:50.000Z,54.76739300000001,25.627398,30,34240
2019-06-11T11:02:56.000Z,54.767245,25.627832,30,34220
2019-06-11T11:03:02.000Z,54.7671,25.628265,30,34220
2019-06-11T11:03:08.000Z,54.766952,25.628693,30,34220
2019-06-11T11:03:14.000Z,54.766802,25.629117,30,34260
2019-06-11T11:03:20.000Z,54.76665,25.629542,30,34270
2019-06-11T11:03:25.000Z,54.766503,25.629972,30,34280
2019-06-11T11:03:33.000Z,54.766355,25.630415,30,34300
2019-06-11T11:03:38.000Z,54.766208,25.630855,30,34310
2019-06-11T11:03:44.000Z,54.766032,25.631362,30,34290
2019-06-11T11:03:50.000Z,54.765908,25.631723,30,34290
2019-06-11T11:03:56.000Z,54.765757,25.632157,30,34270
2019-06-11T11:04:02.000Z,54.76560799999999,25.63259,30,34270
2019-06-11T11:04:08.000Z,54.765463,25.633022,30,34260
2019-06-11T11:04:14.000Z,54.765315,25.633455,30,34260
2019-06-11T11:04:20.000Z,54.765162,25.633892000000003,30,34250
2019-06-11T11:04:25.000Z,54.765007,25.634337,30,34250
2019-06-11T11:04:32.000Z,54.764855,25.634778,30,34250
2019-06-11T11:04:38.000Z,54.764702,25.63522,30,34250
2019-06-11T11:04:44.000Z,54.764523,25.635735,30,34250
2019-06-11T11:04:56.000Z,54.76424300000001,25.636547,30,34300
2019-06-11T11:05:03.000Z,54.764095,25.636982,30,34300
2019-06-11T11:05:08.000Z,54.763953,25.637417000000006,30,34300
2019-06-11T11:05:25.000Z,54.763507,25.638727,30,34280
2019-06-11T11:05:38.000Z,54.763205000000006,25.639592,30,34300
2019-06-11T11:05:44.000Z,54.76304200000001,25.6401,30,34350
2019-06-11T11:05:50.000Z,54.76292,25.640468,30,34320
2019-06-11T11:05:56.000Z,54.762762,25.640907,30,34270
2019-06-11T11:06:02.000Z,54.762613,25.64134,30,34170
2019-06-11T11:06:08.000Z,54.762448,25.641777,30,34100
2019-06-11T11:06:14.000Z,54.762285,25.642215,30,34060
2019-06-11T11:06:25.000Z,54.761948,25.643072,30,33920
2019-06-11T11:06:38.000Z,54.761577,25.643923,30,33880
2019-06-11T11:06:50.000Z,54.761203,25.644773,30,33840
2019-06-11T11:06:56.000Z,54.761023,25.645202,30,33820
2019-06-11T11:07:02.000Z,54.76084,25.645622,30,33790
2019-06-11T11:07:08.000Z,54.760647,25.646035,30,33780
2019-06-11T11:07:14.000Z,54.76045300000001,25.64645,30,33750
2019-06-11T11:07:20.000Z,54.760265,25.64687,30,33730
2019-06-11T11:07:26.000Z,54.760075,25.647285,30,33700
2019-06-11T11:07:32.000Z,54.759882,25.647693,30,33680
2019-06-11T11:07:40.000Z,54.759687,25.648107,30,33650
2019-06-11T11:07:50.000Z,54.75924200000001,25.649012,30,33560
2019-06-11T11:07:56.000Z,54.759068000000006,25.649358,30,33550
2019-06-11T11:08:02.000Z,54.758862,25.649772,30,33520
2019-06-11T11:08:08.000Z,54.758653,25.650183,30,33500
2019-06-11T11:08:14.000Z,54.75841,25.65066,30,33490
2019-06-11T11:08:32.000Z,54.75782,25.651827,30,33500
2019-06-11T11:08:44.000Z,54.7574,25.652658,30,33520
2019-06-11T11:08:56.000Z,54.756982,25.65348,30,33510
2019-06-11T11:09:02.000Z,54.75677,25.65389,30,33510
2019-06-11T11:09:07.000Z,54.756563,25.654302,30,33510
2019-06-11T11:09:20.000Z,54.756133,25.655122,30,33490
2019-06-11T11:09:26.000Z,54.75592,25.655535,30,33460
2019-06-11T11:09:38.000Z,54.755485,25.656353,30,33420
2019-06-11T11:09:50.000Z,54.75501,25.657233,30,33430
2019-06-11T11:09:56.000Z,54.75483000000001,25.657575,30,33440
2019-06-11T11:10:02.000Z,54.754615,25.657983,30,33450
2019-06-11T11:10:08.000Z,54.754398,25.658397,30,33460
2019-06-11T11:10:14.000Z,54.754145,25.658882,30,33490
2019-06-11T11:10:26.000Z,54.753752,25.659642,30,33480
2019-06-11T11:10:38.000Z,54.753335,25.660467,30,33500
2019-06-11T11:10:50.000Z,54.752883,25.661345,30,33460
2019-06-11T11:10:56.000Z,54.7527,25.661692,30,33450
2019-06-11T11:11:02.000Z,54.752478,25.662107,30,33440
2019-06-11T11:11:08.000Z,54.752258,25.662518,30,33430
2019-06-11T11:11:14.000Z,54.752005,25.663,30,33420
2019-06-11T11:11:20.000Z,54.751827,25.663343,30,33410
2019-06-11T11:11:38.000Z,54.751175,25.66456,30,33420
2019-06-11T11:11:44.000Z,54.75095699999999,25.664982,30,33430
2019-06-11T11:11:50.000Z,54.750702,25.665470000000006,30,33430
2019-06-11T11:11:56.000Z,54.750523,25.665815,30,33450
2019-06-11T11:12:02.000Z,54.75026999999999,25.666293,30,33470
2019-06-11T11:12:07.000Z,54.750092,25.666633,30,33470
2019-06-11T11:12:20.000Z,54.749672,25.667448,30,33490
2019-06-11T11:12:27.000Z,54.74946,25.667852,30,33480
2019-06-11T11:12:38.000Z,54.74902,25.66869,30,33440
2019-06-11T11:12:44.000Z,54.748798,25.669107,30,33420
2019-06-11T11:12:54.000Z,54.748577,25.66952,30,33410
2019-06-11T11:13:07.000Z,54.747913,25.670745,30,33390
2019-06-11T11:13:14.000Z,54.747655,25.671227,30,33420
2019-06-11T11:13:20.000Z,54.747473,25.671573,30,33430
2019-06-11T11:13:26.000Z,54.747253,25.671987,30,33440
2019-06-11T11:13:32.000Z,54.747037,25.672402,30,33440
2019-06-11T11:13:38.000Z,54.746822,25.672813,30,33450
2019-06-11T11:13:48.000Z,54.746608,25.673223,30,33450
2019-06-11T11:14:02.000Z,54.745928,25.674522,30,33470
2019-06-11T11:14:07.000Z,54.74574499999999,25.674868,30,33460
2019-06-11T11:14:20.000Z,54.745308,25.675698,30,33420
2019-06-11T11:14:26.000Z,54.74509000000001,25.676107,30,33410
2019-06-11T11:14:40.000Z,54.744873,25.676515,30,33410
2019-06-11T11:15:02.000Z,54.743738,25.678645,30,33460
2019-06-11T11:15:07.000Z,54.743562,25.678995,30,33480
2019-06-11T11:15:14.000Z,54.743348,25.67941,30,33470
2019-06-11T11:15:26.000Z,54.74292,25.680227,30,33490
2019-06-11T11:15:38.000Z,54.742495,25.681058,30,33440
2019-06-11T11:15:50.000Z,54.742052,25.681895,30,33420
2019-06-11T11:16:14.000Z,54.741187,25.683538,30,33470
2019-06-11T11:16:20.000Z,54.74097800000001,25.683953,30,33510
2019-06-11T11:16:32.000Z,54.74054,25.684787,30,33490
2019-06-11T11:16:38.000Z,54.740318,25.6852,30,33480
2019-06-11T11:16:44.000Z,54.74010300000001,25.685612,30,33450
2019-06-11T11:16:50.000Z,54.739893,25.686023,30,33470
2019-06-11T11:16:56.000Z,54.73968299999999,25.686433,30,33450
2019-06-11T11:17:02.000Z,54.739432,25.686907,30,33440
2019-06-11T11:17:14.000Z,54.739032,25.687662,30,33440
2019-06-11T11:17:20.000Z,54.738813,25.688077,30,33430
2019-06-11T11:17:25.000Z,54.738593,25.688492,30,33420
2019-06-11T11:17:32.000Z,54.738373,25.688903,30,33400
2019-06-11T11:17:38.000Z,54.738155000000006,25.689307,30,33410
2019-06-11T11:17:44.000Z,54.737938,25.689712,30,33430
2019-06-11T11:17:50.000Z,54.737723,25.690123,30,33450
2019-06-11T11:18:14.000Z,54.73685500000001,25.691783,30,33460
2019-06-11T11:18:29.000Z,54.736417,25.692602,30,33440
2019-06-11T11:18:38.000Z,54.735985,25.693432,30,33420
2019-06-11T11:18:44.000Z,54.735765,25.693842,30,33400
2019-06-11T11:18:56.000Z,54.735322,25.694648,30,33420
2019-06-11T11:19:02.000Z,54.735067,25.695127,30,33430
2019-06-11T11:19:18.000Z,54.734885,25.695468,30,33440
2019-06-11T11:19:44.000Z,54.73358,25.69796,30,33490
2019-06-11T11:19:55.000Z,54.733367,25.698373,30,33480
2019-06-11T11:20:14.000Z,54.732502,25.700035,30,33430
2019-06-11T11:20:19.000Z,54.732282,25.700452,30,33420
2019-06-11T11:20:25.000Z,54.73206,25.700862,30,33420
2019-06-11T11:20:32.000Z,54.731837,25.70127,30,33410
2019-06-11T11:20:38.000Z,54.73161800000001,25.701677,30,33410
2019-06-11T11:20:50.000Z,54.731185,25.702498,30,33400
2019-06-11T11:20:56.000Z,54.73096700000001,25.702907,30,33400
2019-06-11T11:21:01.000Z,54.730745,25.703315,30,33410
2019-06-11T11:21:18.000Z,54.730525,25.703733,30,33450
2019-06-11T11:21:44.000Z,54.729243,25.70621,30,33440
2019-06-11T11:21:56.000Z,54.728807,25.707045,30,33430
2019-06-11T11:22:01.000Z,54.728588,25.70746,30,33420
2019-06-11T11:22:08.000Z,54.72837,25.707868,30,33410
2019-06-11T11:22:19.000Z,54.727937,25.708692000000006,30,33420
2019-06-11T11:22:26.000Z,54.727718,25.709112,30,33440
2019-06-11T11:22:32.000Z,54.72750300000001,25.70953,30,33460
2019-06-11T11:22:38.000Z,54.727288,25.709948,30,33460
2019-06-11T11:22:56.000Z,54.726637,25.711170000000006,30,33460
2019-06-11T11:23:01.000Z,54.72642,25.711578,30,33440
2019-06-11T11:23:08.000Z,54.726197,25.711995,30,33420
2019-06-11T11:23:14.000Z,54.725977,25.712408,30,33420
2019-06-11T11:23:19.000Z,54.725762,25.712822,30,33410
2019-06-11T11:23:26.000Z,54.725547,25.713233,30,33400
2019-06-11T11:23:32.000Z,54.725333,25.71364,30,33400
2019-06-11T11:23:38.000Z,54.725115,25.71404,30,33400
2019-06-11T11:23:44.000Z,54.724897,25.714442,30,33400
2019-06-11T11:23:50.000Z,54.724665,25.714853,30,33390
2019-06-11T11:23:56.000Z,54.72443000000001,25.715263,30,33390
2019-06-11T11:24:02.000Z,54.72420500000001,25.715678,30,33400
2019-06-11T11:24:08.000Z,54.723985,25.716093,30,33420
2019-06-11T11:24:14.000Z,54.72376800000001,25.716497,30,33450
2019-06-11T11:24:19.000Z,54.723553,25.7169,30,33450
2019-06-11T11:24:26.000Z,54.72334,25.717312,30,33450
2019-06-11T11:24:32.000Z,54.723122,25.71773,30,33460
2019-06-11T11:24:38.000Z,54.722903,25.718147,30,33450
2019-06-11T11:24:44.000Z,54.72269300000001,25.718568,30,33430
2019-06-11T11:24:50.000Z,54.72248,25.718985,30,33430
2019-06-11T11:24:56.000Z,54.722262,25.719395,30,33430
2019-06-11T11:25:08.000Z,54.721815,25.720203,30,33410
2019-06-11T11:25:14.000Z,54.72159,25.72062,30,33420
2019-06-11T11:25:20.000Z,54.721373,25.72104,30,33410
2019-06-11T11:25:26.000Z,54.721153,25.721453,30,33400
2019-06-11T11:25:38.000Z,54.720712,25.72226,30,33400
2019-06-11T11:25:43.000Z,54.72049499999999,25.722655,30,33400
2019-06-11T11:25:50.000Z,54.720283,25.723057,30,33400
2019-06-11T11:26:02.000Z,54.719843,25.723872,30,33370
2019-06-11T11:26:14.000Z,54.719408,25.724688,30,33380
2019-06-11T11:26:20.000Z,54.719187,25.725093,30,33380
2019-06-11T11:26:26.000Z,54.718962,25.725497,30,33400
2019-06-11T11:26:32.000Z,54.718737,25.725907,30,33430
2019-06-11T11:26:38.000Z,54.71851700000001,25.72632,30,33450
2019-06-11T11:26:44.000Z,54.718297,25.726733,30,33440
2019-06-11T11:26:50.000Z,54.71807800000001,25.727148,30,33470
2019-06-11T11:26:56.000Z,54.71786700000001,25.72756,30,33470
2019-06-11T11:27:02.000Z,54.717663,25.727972,30,33460
2019-06-11T11:27:12.000Z,54.717453000000006,25.728383,30,33450
2019-06-11T11:27:26.000Z,54.71679200000001,25.729635,30,33430
2019-06-11T11:27:32.000Z,54.71658000000001,25.730053,30,33430
2019-06-11T11:27:38.000Z,54.716368,25.730465,30,33440
2019-06-11T11:27:44.000Z,54.71615500000001,25.730873000000006,30,33470
2019-06-11T11:27:50.000Z,54.715937,25.731288,30,33470
2019-06-11T11:27:56.000Z,54.715713,25.731703,30,33470
2019-06-11T11:28:02.000Z,54.715495,25.732118,30,33490
2019-06-11T11:28:13.000Z,54.715075,25.732925,30,33450
2019-06-11T11:28:20.000Z,54.714863,25.733325,30,33440
2019-06-11T11:28:26.000Z,54.71465,25.733732,30,33440
2019-06-11T11:28:32.000Z,54.71443299999999,25.734143,30,33410
2019-06-11T11:28:38.000Z,54.714213,25.734557,30,33410
2019-06-11T11:28:43.000Z,54.713995,25.734968,30,33420
2019-06-11T11:28:49.000Z,54.713773,25.735377,30,33410
2019-06-11T11:28:56.000Z,54.71355500000001,25.735785,30,33410
2019-06-11T11:29:08.000Z,54.713137,25.736605,30,33430
2019-06-11T11:29:13.000Z,54.712927,25.737017,30,33450
2019-06-11T11:29:20.000Z,54.712715,25.73743,30,33460
2019-06-11T11:29:26.000Z,54.712502,25.73784,30,33470
2019-06-11T11:29:32.000Z,54.712288,25.738245000000006,30,33470
2019-06-11T11:29:38.000Z,54.712072,25.73865,30,33470
2019-06-11T11:29:44.000Z,54.711848,25.739058,30,33450
2019-06-11T11:29:49.000Z,54.71162,25.73947,30,33420
2019-06-11T11:30:08.000Z,54.710963,25.740697,30,33400
2019-06-11T11:30:25.000Z,54.710295,25.741925,30,33400
2019-06-11T11:30:32.000Z,54.710073,25.742342,30,33430
2019-06-11T11:30:43.000Z,54.709637,25.743158,30,33480
2019-06-11T11:30:49.000Z,54.70942700000001,25.743562,30,33470
2019-06-11T11:31:02.000Z,54.70900699999999,25.744373,30,33490
2019-06-11T11:31:08.000Z,54.708788,25.744787,30,33490
2019-06-11T11:31:13.000Z,54.708573,25.745202,30,33490
2019-06-11T11:31:20.000Z,54.708363,25.745615,30,33480
2019-06-11T11:31:25.000Z,54.708153,25.746022,30,33440
2019-06-11T11:31:32.000Z,54.707945,25.746423,30,33420
2019-06-11T11:31:38.000Z,54.70773199999999,25.746827,30,33410
2019-06-11T11:31:43.000Z,54.707508,25.747238,30,33420
2019-06-11T11:31:49.000Z,54.707287,25.74765,30,33440
2019-06-11T11:31:56.000Z,54.70707,25.74806,30,33450
2019-06-11T11:32:08.000Z,54.706653,25.748877,30,33480
2019-06-11T11:32:13.000Z,54.706448,25.749282,30,33490
2019-06-11T11:32:20.000Z,54.706237,25.74969,30,33510
2019-06-11T11:32:26.000Z,54.706023,25.750107,30,33500
2019-06-11T11:32:32.000Z,54.70581,25.750523,30,33480
2019-06-11T11:32:38.000Z,54.705598,25.750933,30,33450
2019-06-11T11:33:08.000Z,54.70451800000001,25.752972,30,33410
2019-06-11T11:33:13.000Z,54.704298,25.753383,30,33440
2019-06-11T11:33:25.000Z,54.70385699999999,25.754203,30,33480
2019-06-11T11:33:32.000Z,54.703642,25.754612,30,33490
2019-06-11T11:33:44.000Z,54.70322700000001,25.755425,30,33490
2019-06-11T11:33:50.000Z,54.703022,25.755827,30,33480
2019-06-11T11:34:02.000Z,54.70259,25.756638,30,33430
2019-06-11T11:34:08.000Z,54.702367,25.757045,30,33430
2019-06-11T11:34:13.000Z,54.70214300000001,25.75745,30,33420
2019-06-11T11:34:25.000Z,54.701708,25.75827,30,33430
2019-06-11T11:34:31.000Z,54.70153000000001,25.758612,30,33460
2019-06-11T11:34:44.000Z,54.70106800000001,25.759505,30,33460
2019-06-11T11:34:50.000Z,54.70085699999999,25.759917,30,33480
2019-06-11T11:34:56.000Z,54.70064300000001,25.760327,30,33480
2019-06-11T11:35:13.000Z,54.7,25.761568,30,33460
2019-06-11T11:35:19.000Z,54.69978,25.76198,30,33420
2019-06-11T11:35:25.000Z,54.699558,25.762388,30,33410
2019-06-11T11:35:31.000Z,54.699338,25.762795,30,33420
2019-06-11T11:35:50.000Z,54.69869300000001,25.764023,30,33460
2019-06-11T11:36:02.000Z,54.698262,25.764828,30,33450
2019-06-11T11:36:13.000Z,54.697853,25.765635,30,33470
2019-06-11T11:36:25.000Z,54.697433,25.766453,30,33510
2019-06-11T11:36:31.000Z,54.697222,25.766858,30,33490
2019-06-11T11:36:44.000Z,54.69680200000001,25.767665,30,33460
2019-06-11T11:36:50.000Z,54.69659300000001,25.768068,29,33450
2019-06-11T11:36:56.000Z,54.69638199999999,25.768475,30,33410
2019-06-11T11:37:08.000Z,54.695947,25.769297,30,33420
2019-06-11T11:37:19.000Z,54.6955,25.770105,30,33440
2019-06-11T11:37:25.000Z,54.69528199999999,25.77051,30,33450
2019-06-11T11:37:31.000Z,54.695072,25.770922,30,33460
2019-06-11T11:37:38.000Z,54.694862,25.771335,30,33480
2019-06-11T11:37:44.000Z,54.694648,25.771747,30,33480
2019-06-11T11:37:50.000Z,54.694433,25.772157,30,33460
2019-06-11T11:38:02.000Z,54.694003,25.772983,30,33450
2019-06-11T11:38:13.000Z,54.693575,25.77381,30,33430
2019-06-11T11:38:20.000Z,54.693355,25.774218,30,33430
2019-06-11T11:38:25.000Z,54.693135,25.774623,30,33400
2019-06-11T11:38:38.000Z,54.692698,25.775437,30,33390
2019-06-11T11:38:44.000Z,54.692482,25.775842,30,33410
2019-06-11T11:38:50.000Z,54.692262,25.776245,30,33420
2019-06-11T11:38:56.000Z,54.692038,25.776647,30,33460
2019-06-11T11:39:02.000Z,54.691827,25.777053,30,33500
2019-06-11T11:39:08.000Z,54.691617,25.777457,30,33500
2019-06-11T11:39:13.000Z,54.691408,25.777865,30,33480
2019-06-11T11:39:19.000Z,54.69119499999999,25.778273,30,33470
2019-06-11T11:39:32.000Z,54.690758,25.77909,30,33410
2019-06-11T11:39:44.000Z,54.69031800000001,25.779905,30,33400
2019-06-11T11:39:50.000Z,54.690103,25.780312,30,33390
2019-06-11T11:39:56.000Z,54.68989200000001,25.780713,30,33430
2019-06-11T11:40:02.000Z,54.68968,25.781118,30,33460
2019-06-11T11:40:08.000Z,54.68946700000001,25.781528,30,33470
2019-06-11T11:40:27.000Z,54.68925,25.78194,30,33470
2019-06-11T11:40:56.000Z,54.68774200000001,25.784822,30,33390
2019-06-11T11:41:02.000Z,54.687523,25.785222,30,33410
2019-06-11T11:41:08.000Z,54.68731,25.785627,30,33430
2019-06-11T11:41:13.000Z,54.687105,25.786028,30,33420
2019-06-11T11:41:26.000Z,54.68666700000001,25.786838,30,33440
2019-06-11T11:41:32.000Z,54.686447,25.78725,30,33440
2019-06-11T11:41:38.000Z,54.686223,25.787653,30,33440
2019-06-11T11:41:44.000Z,54.686008,25.788057,30,33450
2019-06-11T11:41:50.000Z,54.685797,25.788458,30,33450
2019-06-11T11:42:02.000Z,54.685368,25.78927,30,33460
2019-06-11T11:42:13.000Z,54.684948,25.790092,30,33460
2019-06-11T11:42:23.000Z,54.684702,25.790565,30,33450
2019-06-11T11:42:31.000Z,54.684293,25.791308,30,33450
2019-06-11T11:42:44.000Z,54.68385,25.792132,30,33440
2019-06-11T11:42:50.000Z,54.68362800000001,25.792545,30,33420
2019-06-11T11:42:55.000Z,54.68341,25.792955,30,33410
2019-06-11T11:43:02.000Z,54.683197,25.793362,30,33400
2019-06-11T11:43:08.000Z,54.682988,25.793762,30,33400
2019-06-11T11:43:13.000Z,54.682775,25.794168,30,33420
2019-06-11T11:43:21.000Z,54.68252,25.794652,30,33430
2019-06-11T11:43:26.000Z,54.68234,25.794997,30,33420
2019-06-11T11:43:32.000Z,54.682127,25.795405,30,33440
2019-06-11T11:43:38.000Z,54.681915,25.795808,30,33460
2019-06-11T11:43:44.000Z,54.681702,25.796213,30,33480
2019-06-11T11:43:55.000Z,54.68127,25.797035,30,33480
2019-06-11T11:44:02.000Z,54.68106,25.797445,30,33450
2019-06-11T11:44:14.000Z,54.680638,25.79826,30,33410
2019-06-11T11:44:20.000Z,54.68038000000001,25.798733,30,33400
2019-06-11T11:44:26.000Z,54.680193,25.79907,30,33400
2019-06-11T11:44:31.000Z,54.67997,25.799475,30,33400
2019-06-11T11:44:38.000Z,54.67975,25.79988,30,33420
2019-06-11T11:44:44.000Z,54.679533,25.800288,30,33440
2019-06-11T11:44:50.000Z,54.67931700000001,25.800697,30,33440
2019-06-11T11:44:55.000Z,54.679102,25.801103,30,33450
2019-06-11T11:45:02.000Z,54.678885,25.801508,30,33450
2019-06-11T11:45:14.000Z,54.678458,25.802327,30,33440
2019-06-11T11:45:20.000Z,54.678247,25.80274,30,33440
2019-06-11T11:45:26.000Z,54.67803000000001,25.803152,30,33420
2019-06-11T11:45:34.000Z,54.677808,25.80356,30,33390
2019-06-11T11:45:44.000Z,54.677373,25.804373,30,33380
2019-06-11T11:45:55.000Z,54.676948,25.805195,30,33390
2019-06-11T11:46:02.000Z,54.676728,25.805603,30,33410
2019-06-11T11:46:14.000Z,54.676288,25.806428,30,33400
2019-06-11T11:46:20.000Z,54.676062,25.806838,30,33420
2019-06-11T11:46:31.000Z,54.675633,25.807652,30,33400
2019-06-11T11:46:38.000Z,54.675413,25.80806,30,33390
2019-06-11T11:46:44.000Z,54.675197,25.808467,30,33370
2019-06-11T11:46:50.000Z,54.674972,25.808868,30,33350
2019-06-11T11:46:55.000Z,54.674745,25.80927,30,33370
2019-06-11T11:47:02.000Z,54.674522,25.80967,30,33360
2019-06-11T11:47:20.000Z,54.673863,25.810892000000006,30,33410
2019-06-11T11:47:25.000Z,54.673647,25.811295,30,33420
2019-06-11T11:47:31.000Z,54.673435,25.811702,30,33450
2019-06-11T11:47:50.000Z,54.67280699999999,25.812927,30,33450
2019-06-11T11:47:55.000Z,54.672595,25.81333,30,33450
2019-06-11T11:48:02.000Z,54.672367,25.813733,30,33410
2019-06-11T11:48:08.000Z,54.67214,25.814137,30,33380
2019-06-11T11:48:25.000Z,54.671482,25.815355,30,33340
2019-06-11T11:48:38.000Z,54.671037,25.816172,29,33360
2019-06-11T11:48:50.000Z,54.67058299999999,25.81698,29,33360
2019-06-11T11:48:55.000Z,54.670345,25.817388,29,33370
2019-06-11T11:49:08.000Z,54.669913,25.818203,29,33370
2019-06-11T11:49:14.000Z,54.669693,25.818603,29,33380
2019-06-11T11:49:19.000Z,54.669475,25.819003,29,33380
2019-06-11T11:49:25.000Z,54.66925500000001,25.819407,29,33380
2019-06-11T11:49:31.000Z,54.669038,25.81981,29,33390
2019-06-11T11:49:38.000Z,54.668822,25.82021,29,33390
2019-06-11T11:49:50.000Z,54.668380000000006,25.821013,29,33380
2019-06-11T11:50:08.000Z,54.667708,25.822218,29,33350
2019-06-11T11:50:19.000Z,54.667273,25.823023000000006,29,33360
2019-06-11T11:50:31.000Z,54.666842,25.823832,29,33370
2019-06-11T11:50:38.000Z,54.666622,25.824235,29,33370
2019-06-11T11:50:50.000Z,54.66618,25.825052,30,33360
2019-06-11T11:51:02.000Z,54.665727,25.825868,29,33290
2019-06-11T11:51:14.000Z,54.665275,25.826678,29,33240
2019-06-11T11:51:19.000Z,54.665048,25.827078,29,33230
2019-06-11T11:51:25.000Z,54.664822,25.827477,29,33230
2019-06-11T11:51:45.000Z,54.664132,25.828663,29,33320
2019-06-11T11:51:50.000Z,54.663902,25.829067,29,33340
2019-06-11T11:51:56.000Z,54.663678,25.829473,29,33360
2019-06-11T11:52:03.000Z,54.663463,25.829882,29,33380
2019-06-11T11:52:08.000Z,54.663248,25.830288,29,33400
2019-06-11T11:52:14.000Z,54.663038,25.830698,29,33400
2019-06-11T11:52:26.000Z,54.662825,25.831102,29,33380
2019-06-11T11:52:44.000Z,54.661937,25.832712,29,33290
2019-06-11T11:52:50.000Z,54.661708,25.833108,29,33310
2019-06-11T11:52:56.000Z,54.661478,25.833508,29,33330
2019-06-11T11:53:02.000Z,54.66125,25.83391,29,33350
2019-06-11T11:53:08.000Z,54.66103199999999,25.834313,29,33370
2019-06-11T11:53:14.000Z,54.660818000000006,25.834712,29,33370
2019-06-11T11:53:20.000Z,54.6606,25.835108,29,33350
2019-06-11T11:53:26.000Z,54.66034499999999,25.83558,29,33330
2019-06-11T11:53:44.000Z,54.659705,25.836708,29,33320
2019-06-11T11:53:50.000Z,54.659477,25.837103,29,33310
2019-06-11T11:53:56.000Z,54.65921,25.837568,29,33300
2019-06-11T11:54:07.000Z,54.659025,25.837905,29,33310
2019-06-11T11:54:27.000Z,54.658097,25.839575,29,33340
2019-06-11T11:54:32.000Z,54.657912,25.839912,29,33340
2019-06-11T11:54:44.000Z,54.657465,25.840722,29,33370
2019-06-11T11:54:50.000Z,54.657242,25.841127,29,33370
2019-06-11T11:55:00.000Z,54.65699,25.841595,29,33370
2019-06-11T11:55:09.000Z,54.656602,25.842338,29,33380
2019-06-11T11:55:14.000Z,54.656382,25.842745,29,33390
2019-06-11T11:55:26.000Z,54.655898,25.843618,29,33380
2019-06-11T11:55:32.000Z,54.65571800000001,25.843952,29,33380
2019-06-11T11:55:38.000Z,54.6555,25.84435,29,33390
2019-06-11T11:55:44.000Z,54.65528199999999,25.844753,29,33370
2019-06-11T11:55:50.000Z,54.655053,25.84516,29,33380
2019-06-11T11:56:02.000Z,54.654615,25.845968,29,33360
2019-06-11T11:56:20.000Z,54.653948,25.84717,29,33320
2019-06-11T11:56:26.000Z,54.653677,25.847632,29,33310
2019-06-11T11:56:32.000Z,54.653485,25.847963,29,33300
2019-06-11T11:56:38.000Z,54.653263,25.848358,29,33310
2019-06-11T11:56:44.000Z,54.653045,25.848753,29,33330
2019-06-11T11:56:50.000Z,54.652828,25.849153,29,33320
2019-06-11T11:57:11.000Z,54.65258000000001,25.849618,29,33330
2019-06-11T11:57:44.000Z,54.650877,25.85279,29,33350
2019-06-11T11:57:50.000Z,54.65065500000001,25.853193,29,33330
