timestamp,longitude,latitude,speed,direction
2019-11-17T23:42:05.000Z,39.157333,21.459,0,30600
2019-11-17T23:48:16.000Z,39.157333,21.459,0,34100
2019-11-17T23:54:17.000Z,39.157333,21.459,0,6100
2019-11-18T00:00:15.000Z,39.157333,21.459,0,21300
2019-11-18T00:06:09.000Z,39.157333,21.459,0,20400
2019-11-18T00:12:11.000Z,39.157333,21.459,0,12200
2019-11-18T00:18:14.000Z,39.157333,21.459,0,500
2019-11-18T00:24:15.000Z,39.157333,21.459,0,6300
2019-11-18T00:30:14.000Z,39.157333,21.459,0,24800
2019-11-18T00:36:17.000Z,39.157333,21.459,0,25700
2019-11-18T00:42:04.000Z,39.157333,21.459,0,6500
2019-11-18T00:50:06.000Z,39.157333,21.459,0,6400
2019-11-18T00:54:19.000Z,39.157333,21.459,0,27800
2019-11-18T01:00:16.000Z,39.157333,21.459,0,22300
2019-11-18T01:06:13.000Z,39.157333,21.459,0,29700
2019-11-18T01:12:17.000Z,39.157333,21.459,0,13600
2019-11-18T01:18:14.000Z,39.157333,21.459,0,19800
2019-11-18T01:24:17.000Z,39.157333,21.459,0,22900
2019-11-18T01:30:19.000Z,39.157333,21.459,0,10500
2019-11-18T01:36:03.000Z,39.157333,21.459,0,24500
2019-11-18T01:42:10.000Z,39.157167,21.458667,0,2700
2019-11-18T01:48:12.000Z,39.157333,21.459,0,1000
2019-11-18T01:54:16.000Z,39.157333,21.459,0,8800
2019-11-18T02:00:17.000Z,39.157333,21.459,0,1500
2019-11-18T02:06:09.000Z,39.157333,21.458833,0,600
2019-11-18T02:14:09.000Z,39.157333,21.459,0,2700
2019-11-18T02:18:18.000Z,39.157333,21.459,0,13500
2019-11-18T02:26:19.000Z,39.157333,21.459,0,9500
2019-11-18T02:30:15.000Z,39.157333,21.459,0,33200
2019-11-18T02:38:06.000Z,39.157333,21.459,0,12600
2019-11-18T02:42:03.000Z,39.157333,21.459,0,7900
2019-11-18T02:48:08.000Z,39.157333,21.459,0,4700
2019-11-18T02:54:06.000Z,39.157333,21.459,0,1000
2019-11-18T03:00:17.000Z,39.157333,21.459,0,35900
2019-11-18T03:06:03.000Z,39.157333,21.459,0,26700
2019-11-18T03:12:16.000Z,39.157333,21.459,0,19200
2019-11-18T03:24:05.000Z,39.157333,21.459,0,33200
2019-11-18T03:30:06.000Z,39.157333,21.459,0,21800
2019-11-18T03:36:17.000Z,39.157333,21.459,0,17900
2019-11-18T03:42:20.000Z,39.157333,21.459,0,3000
2019-11-18T03:48:04.000Z,39.157333,21.459,0,31900
2019-11-18T03:54:10.000Z,39.157333,21.459,0,17000
2019-11-18T04:00:21.000Z,39.157333,21.459,0,22500
2019-11-18T04:06:06.000Z,39.157333,21.459,0,15800
2019-11-18T04:12:06.000Z,39.157333,21.459,0,22400
2019-11-18T04:18:12.000Z,39.157333,21.459,0,15700
2019-11-18T04:24:18.000Z,39.157333,21.459,0,20200
2019-11-18T04:29:47.000Z,39.157167,21.458833,0,21500
2019-11-18T04:31:48.000Z,39.157,21.459,1,32200
2019-11-18T04:32:48.000Z,39.156833,21.459167,2,31600
2019-11-18T04:33:19.000Z,39.156667,21.459335,3,33100
2019-11-18T04:33:48.000Z,39.156497,21.459502,3,33200
2019-11-18T04:34:19.000Z,39.15633,21.459835,4,33600
2019-11-18T04:34:48.000Z,39.15633,21.460168,4,33900
2019-11-18T04:35:08.000Z,39.15617,21.460335,4,34100
2019-11-18T04:35:37.000Z,39.15600300000001,21.460665,4,34100
2019-11-18T04:35:59.000Z,39.15600300000001,21.460998,5,34000
2019-11-18T04:36:19.000Z,39.155833,21.461165,5,33800
2019-11-18T04:36:48.000Z,39.155667,21.461498,5,33600
2019-11-18T04:37:07.000Z,39.1555,21.461833,6,33300
2019-11-18T04:37:28.000Z,39.155333,21.462167,7,33100
2019-11-18T04:37:41.000Z,39.155167,21.462333,7,32900
2019-11-18T04:37:52.000Z,39.155,21.4625,7,32500
2019-11-18T04:38:04.000Z,39.154833,21.462667,7,31700
2019-11-18T04:38:17.000Z,39.154667,21.462833,7,30700
2019-11-18T04:38:37.000Z,39.154333,21.463,7,30000
2019-11-18T04:38:48.000Z,39.154167,21.463167,7,29900
2019-11-18T04:38:58.000Z,39.153833,21.463167,8,30100
2019-11-18T04:39:07.000Z,39.153667,21.463333,8,30100
2019-11-18T04:39:17.000Z,39.1535,21.463502,8,30100
2019-11-18T04:39:37.000Z,39.153167,21.463668,8,30000
2019-11-18T04:39:47.000Z,39.152833,21.463835,9,29800
2019-11-18T04:40:07.000Z,39.15233,21.464002,9,29400
2019-11-18T04:40:28.000Z,39.152003,21.464168,9,28900
2019-11-18T04:40:38.000Z,39.151667,21.464168,9,28600
2019-11-18T04:40:47.000Z,39.151333,21.464168,10,28400
2019-11-18T04:41:07.000Z,39.150833,21.464335,10,27900
2019-11-18T04:41:27.000Z,39.150333,21.464335,10,27500
2019-11-18T04:41:39.000Z,39.15,21.464335,10,27500
2019-11-18T04:41:47.000Z,39.149667,21.464335,10,27400
2019-11-18T04:41:59.000Z,39.149333,21.464335,10,27400
2019-11-18T04:42:19.000Z,39.148833,21.464502,11,27400
2019-11-18T04:42:27.000Z,39.1485,21.464502,11,27400
2019-11-18T04:42:39.000Z,39.148163,21.464502,11,27300
2019-11-18T04:42:47.000Z,39.147837,21.464502,11,27400
2019-11-18T04:42:59.000Z,39.1475,21.464502,11,27400
2019-11-18T04:43:18.000Z,39.147,21.464502,12,27400
2019-11-18T04:43:27.000Z,39.146667,21.464502,12,27400
2019-11-18T04:43:39.000Z,39.146333,21.464502,12,27300
2019-11-18T04:43:49.000Z,39.146,21.464665,12,27300
2019-11-18T04:43:58.000Z,39.1455,21.464665,12,27400
2019-11-18T04:44:17.000Z,39.145,21.464665,12,27500
2019-11-18T04:44:27.000Z,39.144667,21.464665,12,27500
2019-11-18T04:44:38.000Z,39.144167,21.464665,12,27400
2019-11-18T04:44:48.000Z,39.14383,21.464665,12,27400
2019-11-18T04:44:58.000Z,39.143503,21.464665,13,27200
2019-11-18T04:45:08.000Z,39.143167,21.464832,13,27200
2019-11-18T04:45:18.000Z,39.142833,21.464832,13,27100
2019-11-18T04:45:26.000Z,39.1425,21.464832,13,27100
2019-11-18T04:45:39.000Z,39.142,21.464832,13,27200
2019-11-18T04:45:48.000Z,39.141667,21.464832,13,27200
2019-11-18T04:45:58.000Z,39.141333,21.464832,14,27200
2019-11-18T04:46:08.000Z,39.141,21.464832,14,27100
2019-11-18T04:46:18.000Z,39.1405,21.464832,15,27200
2019-11-18T04:46:27.000Z,39.140167,21.464832,15,27100
2019-11-18T04:46:39.000Z,39.139663,21.464832,15,27200
2019-11-18T04:46:49.000Z,39.139167,21.464832,16,27200
2019-11-18T04:46:59.000Z,39.138833,21.464832,16,27100
2019-11-18T04:47:08.000Z,39.138333,21.464832,16,27200
2019-11-18T04:47:18.000Z,39.137833,21.464832,16,27100
2019-11-18T04:47:27.000Z,39.1375,21.464832,17,27200
2019-11-18T04:47:40.000Z,39.136833,21.464832,17,27200
2019-11-18T04:47:48.000Z,39.1365,21.464998,17,27200
2019-11-18T04:47:59.000Z,39.136,21.464998,17,27200
2019-11-18T04:48:09.000Z,39.135497,21.464998,17,27200
2019-11-18T04:48:19.000Z,39.135,21.464998,17,27200
2019-11-18T04:48:26.000Z,39.134667,21.464998,18,27300
2019-11-18T04:48:38.000Z,39.134,21.464998,18,27200
2019-11-18T04:48:48.000Z,39.1335,21.464998,18,27200
2019-11-18T04:48:58.000Z,39.133,21.464998,18,27000
2019-11-18T04:49:08.000Z,39.1325,21.464998,18,26900
2019-11-18T04:49:18.000Z,39.132,21.464998,19,26800
2019-11-18T04:49:26.000Z,39.131497,21.464998,19,26700
2019-11-18T04:49:39.000Z,39.131003,21.464832,19,26700
2019-11-18T04:49:48.000Z,39.1305,21.464832,19,26600
2019-11-18T04:49:58.000Z,39.12983300000001,21.464832,19,26600
2019-11-18T04:50:08.000Z,39.129333,21.464832,19,26600
2019-11-18T04:50:19.000Z,39.128833,21.464832,19,26600
2019-11-18T04:50:27.000Z,39.12833300000001,21.464832,19,26600
2019-11-18T04:50:39.000Z,39.127833,21.464665,19,26600
2019-11-18T04:50:48.000Z,39.12733,21.464665,19,26700
2019-11-18T04:50:59.000Z,39.126837,21.464665,19,26700
2019-11-18T04:51:08.000Z,39.126333,21.464665,19,26800
2019-11-18T04:51:19.000Z,39.125833,21.464665,18,26800
2019-11-18T04:51:27.000Z,39.12533300000001,21.464665,18,26700
2019-11-18T04:51:39.000Z,39.124833,21.464502,18,26500
2019-11-18T04:51:47.000Z,39.124333,21.464502,18,26300
2019-11-18T04:51:58.000Z,39.12383300000001,21.464502,17,26200
2019-11-18T04:52:09.000Z,39.123333,21.464335,17,26200
2019-11-18T04:52:19.000Z,39.122837,21.464335,17,26200
2019-11-18T04:52:27.000Z,39.1225,21.464168,17,26100
2019-11-18T04:52:39.000Z,39.122,21.464168,17,26200
2019-11-18T04:52:48.000Z,39.1215,21.464168,17,26300
2019-11-18T04:52:59.000Z,39.121,21.464002,17,26300
2019-11-18T04:53:08.000Z,39.120667,21.464002,17,26200
2019-11-18T04:53:19.000Z,39.120167,21.464002,17,26100
2019-11-18T04:53:28.000Z,39.119833,21.463835,16,26000
2019-11-18T04:53:38.000Z,39.11933300000001,21.463835,16,25900
2019-11-18T04:53:48.000Z,39.11883,21.463668,16,26000
2019-11-18T04:53:57.000Z,39.118503,21.463668,16,25900
2019-11-18T04:54:08.000Z,39.118,21.463502,16,25800
2019-11-18T04:54:19.000Z,39.1175,21.463333,17,25600
2019-11-18T04:54:28.000Z,39.117167,21.463333,17,25500
2019-11-18T04:54:38.000Z,39.116667,21.463167,17,25400
2019-11-18T04:54:48.000Z,39.116167,21.463,17,25300
2019-11-18T04:54:57.000Z,39.115667,21.462833,17,25200
2019-11-18T04:55:09.000Z,39.115167,21.462667,18,25200
2019-11-18T04:55:18.000Z,39.114663,21.4625,18,25100
2019-11-18T04:55:28.000Z,39.114337,21.4625,18,25200
2019-11-18T04:55:38.000Z,39.113833,21.462333,18,25200
2019-11-18T04:55:57.000Z,39.112833,21.462,18,25200
2019-11-18T04:56:09.000Z,39.112333,21.461833,19,25100
2019-11-18T04:56:19.000Z,39.111833,21.461667,19,24900
2019-11-18T04:56:28.000Z,39.111333,21.461498,19,24900
2019-11-18T04:56:38.000Z,39.110833,21.461332,19,24900
2019-11-18T04:56:47.000Z,39.110497,21.461165,19,24800
2019-11-18T04:56:57.000Z,39.11,21.460998,19,24700
2019-11-18T04:57:09.000Z,39.1095,21.460665,19,24400
2019-11-18T04:57:19.000Z,39.109,21.460498,19,24200
2019-11-18T04:57:28.000Z,39.1085,21.460168,19,24100
2019-11-18T04:57:38.000Z,39.108,21.460002,19,24000
2019-11-18T04:57:48.000Z,39.107667,21.459668,19,23800
2019-11-18T04:57:57.000Z,39.107333,21.459335,19,23600
2019-11-18T04:58:09.000Z,39.106833,21.459,19,23500
2019-11-18T04:58:19.000Z,39.10633,21.458833,19,23500
2019-11-18T04:58:31.000Z,39.106003,21.4585,19,23300
2019-11-18T04:58:38.000Z,39.1055,21.458167,20,23100
2019-11-18T04:58:48.000Z,39.105167,21.457833,20,22900
2019-11-18T04:58:57.000Z,39.104833,21.4575,20,22800
2019-11-18T04:59:09.000Z,39.104333,21.457165,20,22900
2019-11-18T04:59:18.000Z,39.104,21.456832,20,22800
2019-11-18T04:59:28.000Z,39.103667,21.456498,20,22700
2019-11-18T04:59:38.000Z,39.103167,21.456002,20,22600
2019-11-18T04:59:48.000Z,39.102833,21.455668,20,22400
2019-11-18T04:59:58.000Z,39.1025,21.455335,20,22400
2019-11-18T05:00:07.000Z,39.102163,21.455,20,22300
2019-11-18T05:00:19.000Z,39.101667,21.4545,20,22200
2019-11-18T05:00:33.000Z,39.101333,21.454167,20,22200
2019-11-18T05:00:39.000Z,39.101,21.453833,20,22100
2019-11-18T05:00:47.000Z,39.100667,21.4535,20,22100
2019-11-18T05:00:58.000Z,39.100333,21.452998,20,22000
2019-11-18T05:01:06.000Z,39.1,21.452665,20,22000
2019-11-18T05:01:19.000Z,39.0995,21.452165,20,22000
2019-11-18T05:01:29.000Z,39.099167,21.451835,20,22100
2019-11-18T05:01:37.000Z,39.098833,21.451502,20,22200
2019-11-18T05:01:46.000Z,39.0985,21.451168,20,22300
2019-11-18T05:01:57.000Z,39.097997,21.450833,20,22400
2019-11-18T05:02:07.000Z,39.09767,21.4505,20,22500
2019-11-18T05:02:18.000Z,39.097167,21.45,20,22500
2019-11-18T05:02:29.000Z,39.096833,21.449667,20,22600
2019-11-18T05:02:37.000Z,39.0965,21.449333,20,22600
2019-11-18T05:02:46.000Z,39.096,21.448998,21,22700
2019-11-18T05:02:58.000Z,39.095667,21.448498,21,22600
2019-11-18T05:03:06.000Z,39.095167,21.448165,21,22700
2019-11-18T05:03:18.000Z,39.094833,21.447835,21,22600
2019-11-18T05:03:29.000Z,39.094333,21.447502,21,22600
2019-11-18T05:03:37.000Z,39.093997,21.447168,21,22600
2019-11-18T05:03:47.000Z,39.09350300000001,21.446835,21,22700
2019-11-18T05:03:59.000Z,39.093,21.446333,21,22600
2019-11-18T05:04:07.000Z,39.092667,21.446,21,22600
2019-11-18T05:04:18.000Z,39.092333,21.445667,21,22600
2019-11-18T05:04:29.000Z,39.091833,21.445167,21,22600
2019-11-18T05:04:36.000Z,39.0915,21.444832,21,22600
2019-11-18T05:04:46.000Z,39.091167,21.444498,21,22600
2019-11-18T05:04:59.000Z,39.090667,21.443998,21,22600
2019-11-18T05:05:07.000Z,39.090333,21.443832,21,22600
2019-11-18T05:05:18.000Z,39.08983,21.443335,21,22600
2019-11-18T05:05:29.000Z,39.089337,21.443002,21,22600
2019-11-18T05:05:37.000Z,39.089,21.442668,21,22600
2019-11-18T05:05:47.000Z,39.088667,21.442333,21,22500
2019-11-18T05:05:59.000Z,39.088167,21.441833,21,22500
2019-11-18T05:06:07.000Z,39.087833,21.4415,21,22600
2019-11-18T05:06:18.000Z,39.087333,21.441167,21,22600
2019-11-18T05:06:29.000Z,39.087,21.440665,21,22600
2019-11-18T05:06:37.000Z,39.086667,21.440332,21,22600
2019-11-18T05:06:46.000Z,39.086167,21.439998000000006,21,22600
2019-11-18T05:06:59.000Z,39.085663,21.439665,21,22600
2019-11-18T05:07:08.000Z,39.085337,21.439335,21,22600
2019-11-18T05:07:18.000Z,39.085,21.438835,21,22600
2019-11-18T05:07:29.000Z,39.0845,21.438502,21,22600
2019-11-18T05:07:39.000Z,39.084,21.438167,21,22600
2019-11-18T05:07:47.000Z,39.083667,21.437833,21,22600
2019-11-18T05:07:58.000Z,39.083167,21.437333,21,22600
2019-11-18T05:08:07.000Z,39.082833,21.437,21,22600
2019-11-18T05:08:17.000Z,39.0825,21.436667,21,22600
2019-11-18T05:08:28.000Z,39.082,21.436165,21,22600
2019-11-18T05:08:38.000Z,39.081667,21.435832,21,22600
2019-11-18T05:08:47.000Z,39.08133,21.435498000000006,21,22600
2019-11-18T05:08:58.000Z,39.080833,21.435168,21,22600
2019-11-18T05:09:08.000Z,39.080333,21.434835,21,22600
2019-11-18T05:09:17.000Z,39.08,21.434502,21,22600
2019-11-18T05:09:29.000Z,39.0795,21.434,21,22600
2019-11-18T05:09:39.000Z,39.079167,21.433667,21,22600
2019-11-18T05:09:49.000Z,39.078667,21.433333,21,22600
2019-11-18T05:09:57.000Z,39.078333,21.433000000000003,21,22600
2019-11-18T05:10:08.000Z,39.077833,21.4325,21,22600
2019-11-18T05:10:18.000Z,39.0775,21.432165,21,22600
2019-11-18T05:10:29.000Z,39.07700300000001,21.431832,21,22600
2019-11-18T05:10:39.000Z,39.076667,21.431498,21,22600
2019-11-18T05:10:49.000Z,39.076167,21.431002,21,22600
2019-11-18T05:10:57.000Z,39.075833,21.430835,21,22600
2019-11-18T05:11:08.000Z,39.0755,21.430335,21,22600
2019-11-18T05:11:18.000Z,39.075,21.43,21,22600
2019-11-18T05:11:28.000Z,39.0745,21.4295,21,22600
2019-11-18T05:11:38.000Z,39.074167,21.429167,21,22600
2019-11-18T05:11:48.000Z,39.073667,21.428833,21,22600
2019-11-18T05:11:57.000Z,39.073333,21.4285,21,22600
2019-11-18T05:12:09.000Z,39.072837,21.428165,21,22600
2019-11-18T05:12:18.000Z,39.0725,21.427832,21,22700
2019-11-18T05:12:28.000Z,39.072,21.427332,21,22700
2019-11-18T05:12:40.000Z,39.071667,21.427002,21,22600
2019-11-18T05:12:48.000Z,39.071167,21.426668,21,22600
2019-11-18T05:12:56.000Z,39.070833,21.426335,21,22600
2019-11-18T05:13:08.000Z,39.07033300000001,21.425833,21,22600
2019-11-18T05:13:17.000Z,39.07,21.4255,21,22600
2019-11-18T05:13:28.000Z,39.0695,21.425167,21,22600
2019-11-18T05:13:39.000Z,39.069167,21.424833,21,22600
2019-11-18T05:13:49.000Z,39.06883,21.424333,21,22600
2019-11-18T05:13:57.000Z,39.068503,21.424167,21,22600
2019-11-18T05:14:08.000Z,39.06800000000001,21.423665,21,22600
2019-11-18T05:14:17.000Z,39.0675,21.423332,21,22700
2019-11-18T05:14:28.000Z,39.067167,21.422998,21,22700
2019-11-18T05:14:38.000Z,39.066667,21.422668,21,22700
2019-11-18T05:14:48.000Z,39.066333,21.422168,21,22700
2019-11-18T05:14:57.000Z,39.066,21.421835,21,22600
2019-11-18T05:15:09.000Z,39.0655,21.4215,21,22600
2019-11-18T05:15:17.000Z,39.065,21.421167,21,22700
2019-11-18T05:15:28.000Z,39.064663,21.420667,21,22600
2019-11-18T05:15:37.000Z,39.064167,21.420333,21,22600
2019-11-18T05:15:48.000Z,39.063833,21.42,21,22600
2019-11-18T05:15:57.000Z,39.0635,21.419665,21,22600
2019-11-18T05:16:08.000Z,39.063,21.419165,21,22600
2019-11-18T05:16:17.000Z,39.0625,21.418832,21,22700
2019-11-18T05:16:28.000Z,39.062167,21.418502,21,22700
2019-11-18T05:16:37.000Z,39.061833,21.418168,21,22600
2019-11-18T05:16:38.000Z,39.061833,21.418168,21,22600
2019-11-18T05:16:48.000Z,39.06133300000001,21.417835,21,22600
2019-11-18T05:16:57.000Z,39.061,21.4175,21,22600
2019-11-18T05:17:08.000Z,39.060497,21.417,21,22700
2019-11-18T05:17:17.000Z,39.06,21.416667,21,22700
2019-11-18T05:17:28.000Z,39.059667,21.416333,21,22700
2019-11-18T05:17:38.000Z,39.059333,21.416,21,22600
2019-11-18T05:17:48.000Z,39.058833,21.415498,21,22500
2019-11-18T05:17:58.000Z,39.0585,21.415165,21,22500
2019-11-18T05:18:08.000Z,39.058,21.414832,21,22400
2019-11-18T05:18:17.000Z,39.057667,21.414502,21,22300
2019-11-18T05:18:28.000Z,39.057333,21.414002,21,22300
2019-11-18T05:18:39.000Z,39.05683300000001,21.413668,21,22200
2019-11-18T05:18:48.000Z,39.056497,21.413167,21,22200
2019-11-18T05:18:59.000Z,39.05617,21.412833,21,22200
2019-11-18T05:19:08.000Z,39.055667,21.412333,21,22200
2019-11-18T05:19:17.000Z,39.05533300000001,21.412,21,22100
2019-11-18T05:19:27.000Z,39.055,21.411667,21,22100
2019-11-18T05:19:38.000Z,39.054667,21.411165,21,22100
2019-11-18T05:19:48.000Z,39.054167,21.410832,21,22100
2019-11-18T05:19:59.000Z,39.053833,21.410335,21,22100
2019-11-18T05:20:08.000Z,39.0535,21.410002,21,22100
2019-11-18T05:20:18.000Z,39.053167,21.409668,21,22100
2019-11-18T05:20:28.000Z,39.052833,21.409167,21,22100
2019-11-18T05:20:38.000Z,39.05233,21.408833,21,22100
2019-11-18T05:20:48.000Z,39.052003000000006,21.408333,21,22100
2019-11-18T05:20:58.000Z,39.051667,21.408,21,22100
2019-11-18T05:21:08.000Z,39.051333,21.4075,21,22100
2019-11-18T05:21:18.000Z,39.050833,21.407165,21,22000
2019-11-18T05:21:27.000Z,39.0505,21.406832,21,22000
2019-11-18T05:21:38.000Z,39.050167,21.406332,21,22100
2019-11-18T05:21:48.000Z,39.049833,21.406002,21,22100
2019-11-18T05:21:58.000Z,39.049333,21.405502,21,22100
2019-11-18T05:22:08.000Z,39.049,21.405168,21,22100
2019-11-18T05:22:18.000Z,39.048667,21.404667,21,22100
2019-11-18T05:22:28.000Z,39.048333,21.404333,21,22100
2019-11-18T05:22:38.000Z,39.047997,21.404,21,22100
2019-11-18T05:22:48.000Z,39.0475,21.4035,21,22100
2019-11-18T05:22:57.000Z,39.047167,21.403165,21,22100
2019-11-18T05:23:12.000Z,39.046833,21.402665,21,22100
2019-11-18T05:23:19.000Z,39.0465,21.402332,21,22100
2019-11-18T05:23:26.000Z,39.046167,21.402002,21,22100
2019-11-18T05:23:38.000Z,39.045667,21.401502,21,22100
2019-11-18T05:23:48.000Z,39.045333,21.401168,21,22100
2019-11-18T05:23:57.000Z,39.045,21.400833,21,22100
2019-11-18T05:24:08.000Z,39.0445,21.400333,21,22100
2019-11-18T05:24:18.000Z,39.044167,21.4,21,22100
2019-11-18T05:24:27.000Z,39.04383,21.399667,21,22100
2019-11-18T05:24:39.000Z,39.043503,21.399167,21,22100
2019-11-18T05:24:48.000Z,39.043,21.398665,21,22100
2019-11-18T05:24:58.000Z,39.042667,21.398332,21,22100
2019-11-18T05:25:08.000Z,39.042333,21.397998,21,22100
2019-11-18T05:25:19.000Z,39.042,21.397502,21,22100
2019-11-18T05:25:27.000Z,39.041667,21.397168,21,22100
2019-11-18T05:25:39.000Z,39.041167,21.396667,21,22100
2019-11-18T05:25:48.000Z,39.040833,21.396333,21,22100
2019-11-18T05:25:58.000Z,39.0405,21.396,21,22000
2019-11-18T05:26:09.000Z,39.040167,21.3955,21,22100
2019-11-18T05:26:19.000Z,39.039663,21.395167,21,22000
2019-11-18T05:26:27.000Z,39.039503,21.394832,21,22000
2019-11-18T05:26:39.000Z,39.039,21.394332,21,22000
2019-11-18T05:26:58.000Z,39.038333,21.393502,21,22100
2019-11-18T05:27:09.000Z,39.037833,21.393168,21,22100
2019-11-18T05:27:27.000Z,39.037167,21.392333,21,22100
2019-11-18T05:27:38.000Z,39.036833,21.391833,21,22100
2019-11-18T05:27:47.000Z,39.0365,21.3915,21,22000
2019-11-18T05:27:57.000Z,39.036167,21.391167000000006,21,22000
2019-11-18T05:28:08.000Z,39.035663,21.390665,21,22100
2019-11-18T05:28:19.000Z,39.035337,21.390332,21,22100
2019-11-18T05:28:27.000Z,39.035,21.389832,21,22000
2019-11-18T05:28:39.000Z,39.0345,21.389502,21,22000
2019-11-18T05:28:47.000Z,39.034167,21.389168,21,22000
2019-11-18T05:28:57.000Z,39.033833,21.388668,21,22000
2019-11-18T05:29:08.000Z,39.0335,21.388167000000006,21,22000
2019-11-18T05:29:18.000Z,39.033167,21.387833,21,22000
2019-11-18T05:29:28.000Z,39.032833,21.3875,21,22000
2019-11-18T05:29:38.000Z,39.032333,21.387,21,22000
2019-11-18T05:29:47.000Z,39.032,21.386667000000006,21,22000
2019-11-18T05:29:58.000Z,39.031667,21.386332,21,22000
2019-11-18T05:30:09.000Z,39.03133,21.385832,21,22000
2019-11-18T05:30:18.000Z,39.030833,21.385335,21,22000
2019-11-18T05:30:27.000Z,39.0305,21.385002,21,22100
2019-11-18T05:30:38.000Z,39.030167,21.384668,21,22100
2019-11-18T05:30:48.000Z,39.029833,21.384167,21,22000
2019-11-18T05:30:58.000Z,39.0295,21.383833,21,22000
2019-11-18T05:31:19.000Z,39.028667,21.383000000000006,21,22100
2019-11-18T05:31:27.000Z,39.028333,21.382667,21,22100
2019-11-18T05:31:38.000Z,39.028,21.382165,21,22000
2019-11-18T05:31:49.000Z,39.027667,21.381832,21,22000
2019-11-18T05:31:58.000Z,39.027163,21.381332,21,22100
2019-11-18T05:32:12.000Z,39.026837,21.381002,21,22100
2019-11-18T05:32:19.000Z,39.0265,21.380502,21,22100
2019-11-18T05:32:27.000Z,39.026167,21.380168,21,22000
2019-11-18T05:32:38.000Z,39.025667,21.379667,21,22000
2019-11-18T05:32:48.000Z,39.025333,21.379333,21,22000
2019-11-18T05:32:58.000Z,39.025,21.379,21,22000
2019-11-18T05:33:09.000Z,39.024667,21.3785,21,22000
2019-11-18T05:33:19.000Z,39.024333,21.378165,21,22000
2019-11-18T05:33:28.000Z,39.024,21.377832,21,22000
2019-11-18T05:33:38.000Z,39.0235,21.377332,21,22000
2019-11-18T05:33:48.000Z,39.023163,21.377002,21,22000
2019-11-18T05:33:58.000Z,39.022837,21.376502,21,22000
2019-11-18T05:34:08.000Z,39.0225,21.376168,21,22000
2019-11-18T05:34:19.000Z,39.022,21.375667,21,22000
2019-11-18T05:34:28.000Z,39.021667,21.375333,21,22000
2019-11-18T05:34:38.000Z,39.021333,21.374833,21,22000
2019-11-18T05:34:52.000Z,39.021,21.3745,21,22000
2019-11-18T05:34:58.000Z,39.020667,21.374167,21,22000
2019-11-18T05:35:07.000Z,39.020333,21.373665,21,22000
2019-11-18T05:35:29.000Z,39.0195,21.372835,21,22000
2019-11-18T05:35:37.000Z,39.019167,21.372502,21,22000
2019-11-18T05:35:47.000Z,39.01883,21.372168,21,22000
2019-11-18T05:35:58.000Z,39.018503,21.371667,21,22000
2019-11-18T05:36:17.000Z,39.017667,21.370833,21,22000
2019-11-18T05:36:28.000Z,39.017333,21.3705,21,22000
2019-11-18T05:36:37.000Z,39.017,21.370167,21,22000
2019-11-18T05:36:47.000Z,39.016667,21.369665,21,22000
2019-11-18T05:37:17.000Z,39.0155,21.368502,21,22000
2019-11-18T05:37:37.000Z,39.01483,21.367668,21,22000
2019-11-18T05:37:58.000Z,39.014,21.366833,21,22100
2019-11-18T05:38:08.000Z,39.013667,21.3665,21,22000
2019-11-18T05:38:17.000Z,39.013333,21.366,21,22000
2019-11-18T05:38:28.000Z,39.012833,21.365665,21,22000
2019-11-18T05:38:47.000Z,39.012167,21.364832,21,22100
2019-11-18T05:39:10.000Z,39.0115,21.364002,21,22000
2019-11-18T05:39:17.000Z,39.011167,21.363668,21,22000
2019-11-18T05:39:28.000Z,39.010663,21.363167,21,22100
2019-11-18T05:39:37.000Z,39.010337,21.362833,21,22100
2019-11-18T05:39:47.000Z,39.01,21.362333,21,22000
2019-11-18T05:39:58.000Z,39.009667,21.362,21,22000
2019-11-18T05:40:09.000Z,39.00933300000001,21.361667,21,22100
2019-11-18T05:40:17.000Z,39.008833,21.361165,21,22100
2019-11-18T05:40:48.000Z,39.00783300000001,21.360002,21,22100
2019-11-18T05:41:17.000Z,39.006667,21.358833,21,22000
2019-11-18T05:41:28.000Z,39.00633,21.358333,21,22000
2019-11-18T05:41:37.000Z,39.006003,21.358,21,22000
2019-11-18T05:41:48.000Z,39.005667,21.3575,21,22000
2019-11-18T05:41:58.000Z,39.005167,21.357165,21,22000
2019-11-18T05:42:08.000Z,39.00483300000001,21.356665,21,22000
2019-11-18T05:42:17.000Z,39.0045,21.356332,21,22000
2019-11-18T05:42:31.000Z,39.004167,21.355835,21,22000
2019-11-18T05:42:37.000Z,39.003833,21.355502,21,22000
2019-11-18T05:43:08.000Z,39.002667,21.354333,21,22000
2019-11-18T05:43:38.000Z,39.0015,21.352998,21,22000
2019-11-18T05:43:58.000Z,39.000833,21.352332,21,22000
2019-11-18T05:44:08.000Z,39.0005,21.351835,21,22000
2019-11-18T05:44:17.000Z,39.000167,21.351502,21,22000
2019-11-18T05:44:28.000Z,38.999667,21.351002,21,22000
2019-11-18T05:44:38.000Z,38.999333,21.350667,21,22000
2019-11-18T05:44:48.000Z,38.999,21.350167000000006,21,22000
2019-11-18T05:44:58.000Z,38.998667,21.349833,21,22000
2019-11-18T05:45:08.000Z,38.998333,21.3495,21,22000
2019-11-18T05:46:58.000Z,38.99433300000001,21.345,21,22000
2019-11-18T05:47:08.000Z,38.99383,21.344498,21,22000
2019-11-18T05:47:17.000Z,38.993503,21.344165,21,22000
2019-11-18T05:47:30.000Z,38.993167,21.343668,21,22000
2019-11-18T05:47:48.000Z,38.9925,21.343002,21,22000
2019-11-18T05:48:17.000Z,38.991333,21.341833,21,22000
2019-11-18T05:48:28.000Z,38.991,21.341333,21,22100
2019-11-18T05:48:38.000Z,38.990667,21.340833,21,22000
2019-11-18T06:00:28.000Z,38.964503,21.312167,21,22100
2019-11-18T06:07:47.000Z,38.948333,21.294665,21,22200
2019-11-18T06:27:16.000Z,38.905167,21.248998,20,22100
2019-11-18T06:34:56.000Z,38.887833,21.230835,21,22100
2019-11-18T06:43:50.000Z,38.86867,21.20984,21,22000
2019-11-18T06:45:58.000Z,38.862833,21.203165,21,21900
2019-11-18T07:01:18.000Z,38.830667,21.164335,21,21700
2019-11-18T07:23:27.000Z,38.78517,21.109335,20,22000
2019-11-18T07:52:47.000Z,38.722,21.04048,20,22500
2019-11-18T09:51:00.000Z,38.466,20.770667,20,22600
2019-11-18T12:13:08.000Z,38.164,20.44848,20,22100
2019-11-18T12:14:38.000Z,38.16032,20.444667000000006,20,22100
2019-11-18T12:24:01.000Z,38.14048,20.423333,20,22200
2019-11-18T15:16:20.000Z,37.7485,19.988833,23,22300
2019-11-18T15:38:19.000Z,37.698163,19.936498,21,22200
2019-11-18T16:00:38.000Z,37.6545,19.890665,21,22200
2019-11-18T16:05:47.000Z,37.637833,19.872667,21,22200
2019-11-18T16:10:47.000Z,37.627003,19.861167,21,22200
2019-11-18T16:15:58.000Z,37.613,19.846,21,22100
2019-11-18T16:20:56.000Z,37.6125,19.845667,21,22100
2019-11-18T16:33:26.000Z,37.571667,19.801667,21,22200
2019-11-18T16:36:18.000Z,37.567167,19.796835,21,22200
2019-11-18T16:41:27.000Z,37.565167,19.794668,21,22100
2019-11-18T16:46:30.000Z,37.54367,19.7705,21,22000
2019-11-18T16:51:35.000Z,37.541167,19.7675,21,22000
2019-11-18T16:53:07.000Z,37.53934,19.7655,21,22000
2019-11-18T16:56:46.000Z,37.5295,19.754167,21,21900
2019-11-18T17:01:54.000Z,37.5095,19.7315,21,22000
2019-11-18T17:07:02.000Z,37.500167,19.721167,21,22100
2019-11-18T17:22:24.000Z,37.463667,19.6815,21,22100
2019-11-18T17:27:39.000Z,37.453,19.67,21,22100
2019-11-18T17:32:18.000Z,37.443503,19.659833,21,22200
2019-11-18T17:37:34.000Z,37.428333,19.6435,21,22100
2019-11-18T17:43:00.000Z,37.416667,19.631,22,22100
2019-11-18T17:47:47.000Z,37.403833,19.623333,16,24500
2019-11-18T17:57:58.000Z,37.387667,19.616833,4,25100
2019-11-18T18:02:54.000Z,37.386,19.616167,1,22300
2019-11-18T18:13:08.000Z,37.384167,19.6145,1,23600
2019-11-18T18:18:20.000Z,37.38283300000001,19.613665,1,23900
2019-11-18T18:23:27.000Z,37.381833,19.613,1,23900
2019-11-18T18:28:37.000Z,37.380833,19.6125,1,24000
2019-11-18T18:33:39.000Z,37.37983300000001,19.612,1,24300
2019-11-18T18:38:45.000Z,37.379333,19.611667,1,24300
2019-11-18T18:43:49.000Z,37.3775,19.611,1,24600
2019-11-18T18:49:02.000Z,37.3765,19.6105,1,24600
2019-11-18T18:54:09.000Z,37.37533300000001,19.61,1,24700
2019-11-18T18:59:02.000Z,37.37533300000001,19.61,1,24700
2019-11-18T19:04:11.000Z,37.374,19.609498,1,25000
2019-11-18T19:09:20.000Z,37.3725,19.609,1,25100
2019-11-18T19:14:30.000Z,37.371667,19.608667,1,25100
2019-11-18T19:19:26.000Z,37.371167,19.6085,1,25400
2019-11-18T19:24:43.000Z,37.369667,19.608,1,25200
2019-11-18T19:29:49.000Z,37.368503,19.6075,1,25100
2019-11-18T19:35:03.000Z,37.3675,19.607168,1,25100
2019-11-18T19:40:03.000Z,37.3665,19.606833,1,25200
2019-11-18T19:44:59.000Z,37.365333,19.6065,1,25000
2019-11-18T19:50:05.000Z,37.364337,19.606167000000006,1,24900
2019-11-18T19:55:08.000Z,37.364,19.606,1,25200
2019-11-18T20:00:29.000Z,37.362167,19.605332,1,24800
2019-11-18T20:05:39.000Z,37.361,19.605,1,24800
2019-11-18T20:10:50.000Z,37.36,19.6045,1,24800
2019-11-18T20:15:58.000Z,37.358667,19.604,1,24600
2019-11-18T20:21:05.000Z,37.357,19.6045,6,29900
2019-11-18T20:26:10.000Z,37.353833,19.615502,17,300
2019-11-18T20:31:14.000Z,37.357667,19.633,20,1400
2019-11-18T20:36:24.000Z,37.360833,19.644832,21,1400
2019-11-18T20:41:39.000Z,37.365,19.660833,21,1400
2019-11-18T20:46:43.000Z,37.3705,19.679833,21,1600
2019-11-18T20:51:50.000Z,37.374667,19.693667,21,1600
2019-11-18T20:57:04.000Z,37.379667,19.712,21,1300
2019-11-18T21:02:10.000Z,37.381667,19.720833,20,1000
2019-11-18T21:07:11.000Z,37.384,19.733833,21,1000
2019-11-18T21:17:34.000Z,37.389,19.766833,14,35400
2019-11-18T21:22:34.000Z,37.3865,19.777167,11,35000
2019-11-18T21:27:46.000Z,37.384,19.786498,13,33900
2019-11-18T21:32:48.000Z,37.3785,19.7955,14,32700
2019-11-18T21:37:42.000Z,37.376,19.798998,14,32300
2019-11-18T21:42:57.000Z,37.36867,19.802833,11,26300
2019-11-18T21:48:03.000Z,37.354167,19.8,14,26000
2019-11-18T21:53:28.000Z,37.340833,19.798,11,26200
2019-11-18T21:58:37.000Z,37.335,19.797167,10,26200
2019-11-18T22:03:46.000Z,37.323667,19.795667,10,26000
2019-11-18T22:08:46.000Z,37.3175,19.794333,5,26300
2019-11-18T22:13:40.000Z,37.315333,19.7945,2,27800
2019-11-18T22:18:50.000Z,37.314663,19.794333,1,26500
2019-11-18T22:23:52.000Z,37.3135,19.794333,0,25400
2019-11-18T22:34:13.000Z,37.312333,19.793833,0,27500
2019-11-18T22:39:22.000Z,37.312,19.794,0,32800
2019-11-18T22:44:38.000Z,37.312167,19.794167,0,9600
2019-11-18T22:49:37.000Z,37.3125,19.794,0,10800
2019-11-18T22:54:46.000Z,37.312667,19.794,0,11000
2019-11-18T22:59:57.000Z,37.313333,19.793833,0,10600
2019-11-18T23:05:13.000Z,37.313833,19.793833,0,7300
2019-11-18T23:10:16.000Z,37.314,19.794,0,7500
2019-11-18T23:15:25.000Z,37.314167,19.794,0,9500
2019-11-18T23:20:36.000Z,37.314337,19.794,0,29400
2019-11-18T23:25:40.000Z,37.314167,19.793833,0,22700
2019-11-18T23:30:46.000Z,37.314,19.793833,0,24500
2019-11-18T23:36:00.000Z,37.313667,19.793667000000006,0,26100
2019-11-18T23:40:50.000Z,37.313667,19.793667000000006,0,27000
2019-11-18T23:46:04.000Z,37.313667,19.793667000000006,0,8000
2019-11-18T23:55:16.000Z,37.313833,19.793667000000006,0,23300
2019-11-19T00:01:20.000Z,37.313333,19.793667000000006,0,21400
2019-11-19T00:06:21.000Z,37.3135,19.793667000000006,0,14600
2019-11-19T00:11:25.000Z,37.3135,19.793667000000006,0,34600
2019-11-19T00:16:37.000Z,37.313333,19.793667000000006,0,24700
2019-11-19T00:21:57.000Z,37.313,19.793667000000006,0,27000
2019-11-19T00:26:35.000Z,37.313,19.793667000000006,0,31800
2019-11-19T00:32:28.000Z,37.313333,19.793667000000006,0,9200
2019-11-19T00:37:21.000Z,37.3135,19.793667000000006,0,11400
2019-11-19T00:42:26.000Z,37.3135,19.793667000000006,0,28500
2019-11-19T00:47:26.000Z,37.313167,19.793667000000006,0,23900
2019-11-19T00:52:31.000Z,37.313333,19.793667000000006,0,7300
2019-11-19T00:57:31.000Z,37.314,19.793667000000006,0,8300
2019-11-19T01:02:46.000Z,37.314167,19.793667000000006,0,8100
2019-11-19T01:07:58.000Z,37.314,19.793833,0,25000
2019-11-19T01:13:01.000Z,37.313833,19.793667000000006,0,22800
2019-11-19T01:23:16.000Z,37.313833,19.793667000000006,0,9300
2019-11-19T01:28:18.000Z,37.314167,19.793833,0,7700
2019-11-19T01:33:24.000Z,37.314337,19.793833,0,5600
2019-11-19T01:38:30.000Z,37.314337,19.793833,0,24500
2019-11-19T01:43:40.000Z,37.314167,19.793833,0,24200
2019-11-19T01:48:56.000Z,37.314167,19.793833,0,6600
2019-11-19T01:54:00.000Z,37.314337,19.793833,0,8200
2019-11-19T01:59:01.000Z,37.314337,19.793833,0,22900
2019-11-19T02:04:12.000Z,37.314167,19.793833,0,26200
2019-11-19T02:09:20.000Z,37.314167,19.793667000000006,0,24000
2019-11-19T02:14:20.000Z,37.314,19.793667000000006,0,33900
2019-11-19T02:19:23.000Z,37.314,19.793667000000006,0,7700
2019-11-19T02:24:29.000Z,37.314,19.793667000000006,0,13700
2019-11-19T02:29:31.000Z,37.314167,19.793667000000006,0,26800
2019-11-19T02:34:38.000Z,37.314,19.793667000000006,0,25600
2019-11-19T02:45:05.000Z,37.313167,19.793667000000006,0,26900
2019-11-19T02:50:03.000Z,37.313167,19.793667000000006,0,26100
2019-11-19T02:55:10.000Z,37.313,19.793667000000006,0,7100
2019-11-19T03:00:17.000Z,37.313167,19.793667000000006,0,10800
2019-11-19T03:05:26.000Z,37.3135,19.793667000000006,0,1600
2019-11-19T03:15:47.000Z,37.313,19.793667000000006,0,28400
2019-11-19T03:20:50.000Z,37.31283300000001,19.793667000000006,0,27900
2019-11-19T03:26:00.000Z,37.312667,19.793667000000006,0,23900
2019-11-19T03:31:06.000Z,37.31283300000001,19.793667000000006,0,10400
2019-11-19T03:36:11.000Z,37.313167,19.793667000000006,0,9800
2019-11-19T03:41:25.000Z,37.313,19.793667000000006,0,27200
2019-11-19T03:46:26.000Z,37.313,19.793667000000006,0,26700
2019-11-19T03:51:35.000Z,37.31283300000001,19.793667000000006,0,28800
2019-11-19T03:56:26.000Z,37.312667,19.793667000000006,0,28000
2019-11-19T04:01:57.000Z,37.313333,19.793667000000006,0,9700
2019-11-19T04:06:50.000Z,37.313833,19.793667000000006,0,8200
2019-11-19T04:11:45.000Z,37.313833,19.793667000000006,0,8500
2019-11-19T04:16:58.000Z,37.314167,19.793667000000006,0,28500
2019-11-19T04:22:00.000Z,37.314,19.793667000000006,0,24600
2019-11-19T04:27:07.000Z,37.313667,19.793667000000006,0,25800
2019-11-19T04:32:20.000Z,37.3135,19.793667000000006,0,30100
2019-11-19T04:37:16.000Z,37.3135,19.7935,0,10700
2019-11-19T04:42:36.000Z,37.313333,19.793667000000006,0,27800
2019-11-19T04:47:48.000Z,37.312667,19.793667000000006,0,27500
2019-11-19T04:52:41.000Z,37.3125,19.793667000000006,0,28400
2019-11-19T04:55:20.000Z,37.31267,19.79367,0,28000
2019-11-19T04:57:36.000Z,37.3125,19.793667000000006,0,5200
2019-11-19T05:03:08.000Z,37.313,19.793667000000006,0,11300
2019-11-19T05:08:09.000Z,37.313167,19.793667000000006,0,10900
2019-11-19T05:13:20.000Z,37.313,19.793667000000006,0,27700
2019-11-19T05:18:35.000Z,37.3125,19.793833,0,29200
2019-11-19T05:23:37.000Z,37.312333,19.793833,0,28000
2019-11-19T05:28:40.000Z,37.312333,19.793833,0,11600
2019-11-19T05:33:46.000Z,37.3125,19.793833,0,11100
2019-11-19T05:38:47.000Z,37.312667,19.793667000000006,0,11300
2019-11-19T05:43:47.000Z,37.312667,19.793667000000006,0,29400
2019-11-19T05:48:50.000Z,37.3125,19.793833,0,29300
2019-11-19T05:53:51.000Z,37.312333,19.793833,0,28100
2019-11-19T05:59:06.000Z,37.312667,19.793833,0,11000
2019-11-19T06:04:24.000Z,37.313,19.793667000000006,0,12100
2019-11-19T06:09:19.000Z,37.3135,19.793667000000006,0,8000
2019-11-19T06:14:20.000Z,37.3135,19.793667000000006,0,7100
2019-11-19T06:19:30.000Z,37.3135,19.793667000000006,0,27700
2019-11-19T06:24:30.000Z,37.313167,19.793667000000006,0,27100
2019-11-19T06:29:40.000Z,37.313167,19.793667000000006,0,3400
2019-11-19T06:34:35.000Z,37.313167,19.793667000000006,0,11000
2019-11-19T06:39:35.000Z,37.313333,19.793667000000006,0,21200
2019-11-19T06:44:57.000Z,37.313333,19.793667000000006,0,1400
2019-11-19T06:50:06.000Z,37.313167,19.793667000000006,0,25700
2019-11-19T06:55:10.000Z,37.313167,19.793667000000006,0,22400
2019-11-19T07:15:14.000Z,37.3135,19.793667000000006,0,27300
2019-11-19T07:21:01.000Z,37.313167,19.793667000000006,0,26200
2019-11-19T07:21:26.000Z,37.3135,19.79367,0,27300
2019-11-19T07:31:16.000Z,37.313333,19.793667000000006,0,11000
2019-11-19T07:42:01.000Z,37.313167,19.7935,0,30500
2019-11-19T07:51:39.000Z,37.313167,19.793667000000006,0,22700
2019-11-19T08:01:50.000Z,37.313167,19.7935,0,3400
2019-11-19T08:12:24.000Z,37.313,19.793667000000006,0,2000
2019-11-19T08:22:25.000Z,37.313,19.793667000000006,0,11400
2019-11-19T08:27:31.000Z,37.313167,19.793667000000006,0,12100
2019-11-19T08:42:56.000Z,37.31283300000001,19.793667000000006,0,1100
2019-11-19T08:48:00.000Z,37.31283300000001,19.793667000000006,0,25200
2019-11-19T08:58:14.000Z,37.31283300000001,19.793667000000006,0,18000
2019-11-19T09:13:31.000Z,37.31283300000001,19.793667000000006,0,25700
2019-11-19T09:18:39.000Z,37.312667,19.793667000000006,0,5800
2019-11-19T09:44:45.000Z,37.31267,19.79367,0,28300
2019-11-19T10:09:37.000Z,37.3125,19.793667000000006,0,5700
2019-11-19T10:14:45.000Z,37.312667,19.793667000000006,0,13900
2019-11-19T10:30:13.000Z,37.312167,19.794,0,8200
2019-11-19T10:35:27.000Z,37.312333,19.793833,0,10800
2019-11-19T10:40:35.000Z,37.3125,19.793833,0,11700
2019-11-19T10:45:40.000Z,37.3125,19.793667000000006,0,28100
2019-11-19T10:50:46.000Z,37.312333,19.794,0,28600
2019-11-19T10:55:12.000Z,37.312167,19.793833,0,21700
2019-11-19T11:00:11.000Z,37.312167,19.793833,0,21300
2019-11-19T11:06:12.000Z,37.312333,19.793833,0,7300
2019-11-19T11:11:11.000Z,37.3125,19.793833,0,12200
2019-11-19T11:16:16.000Z,37.3125,19.793833,0,15900
2019-11-19T11:21:37.000Z,37.312333,19.793833,0,27600
2019-11-19T11:26:51.000Z,37.312167,19.794,0,30500
2019-11-19T11:37:05.000Z,37.312333,19.793833,0,13900
2019-11-19T11:42:16.000Z,37.312333,19.793833,0,14900
2019-11-19T11:47:36.000Z,37.312333,19.793833,0,28000
2019-11-19T11:57:36.000Z,37.312167,19.794,0,26200
2019-11-19T12:02:47.000Z,37.312,19.794,0,31800
2019-11-19T12:13:51.000Z,37.312,19.794,0,13200
2019-11-19T12:18:25.000Z,37.312,19.794,0,32500
2019-11-19T12:23:26.000Z,37.311833,19.794,0,21200
2019-11-19T12:33:34.000Z,37.312,19.794,0,6800
2019-11-19T12:38:21.000Z,37.312,19.794,0,15600
2019-11-19T12:48:11.000Z,37.311833,19.794,0,34900
2019-11-19T12:54:11.000Z,37.311833,19.794167,0,20100
2019-11-19T12:59:16.000Z,37.311833,19.794167,0,14300
2019-11-19T13:04:06.000Z,37.311833,19.794167,0,16200
2019-11-19T13:09:19.000Z,37.312,19.794,0,26100
2019-11-19T13:14:39.000Z,37.311833,19.794167,0,34500
2019-11-19T13:19:13.000Z,37.311833,19.794167,0,12700
2019-11-19T13:24:56.000Z,37.311833,19.794,0,17100
2019-11-19T13:30:11.000Z,37.312,19.794,0,15300
2019-11-19T13:35:19.000Z,37.312,19.794,0,5700
2019-11-19T13:40:22.000Z,37.312,19.794,0,30200
2019-11-19T13:45:08.000Z,37.311833,19.794167,0,30000
2019-11-19T13:50:35.000Z,37.311833,19.794167,0,13500
2019-11-19T13:55:47.000Z,37.312,19.794,0,15700
2019-11-19T14:00:59.000Z,37.312,19.794,0,32900
2019-11-19T14:06:10.000Z,37.311833,19.794167,0,33800
2019-11-19T14:16:33.000Z,37.312,19.794,0,12500
2019-11-19T14:21:35.000Z,37.312167,19.793833,0,13100
2019-11-19T14:26:40.000Z,37.312333,19.793833,0,32700
2019-11-19T14:31:07.000Z,37.312167,19.793833,0,25800
2019-11-19T14:36:51.000Z,37.312167,19.793833,0,10800
2019-11-19T14:42:11.000Z,37.312333,19.793667000000006,0,9700
2019-11-19T14:42:40.000Z,37.31217,19.79383,0,6800
2019-11-19T14:47:15.000Z,37.3125,19.793833,0,30300
2019-11-19T14:52:19.000Z,37.312,19.794,0,30600
2019-11-19T14:57:08.000Z,37.311833,19.794,0,27700
2019-11-19T15:02:23.000Z,37.312,19.794,0,11200
2019-11-19T15:07:36.000Z,37.312167,19.793833,0,14900
2019-11-19T15:12:49.000Z,37.312167,19.793833,0,29500
2019-11-19T15:17:40.000Z,37.312,19.794,0,27700
2019-11-19T15:27:15.000Z,37.312,19.794,0,22400
2019-11-19T15:38:26.000Z,37.312,19.793833,0,14600
2019-11-19T15:48:08.000Z,37.312167,19.793833,0,16000
2019-11-19T15:53:59.000Z,37.312167,19.793833,0,9100
2019-11-19T15:59:22.000Z,37.312167,19.793833,0,24500
2019-11-19T16:09:15.000Z,37.312167,19.793833,0,17700
2019-11-19T16:14:36.000Z,37.312167,19.793833,0,200
2019-11-19T16:19:56.000Z,37.312,19.793833,0,18600
2019-11-19T16:29:06.000Z,37.312,19.794,0,30800
2019-11-19T16:34:55.000Z,37.312,19.794,0,30800
2019-11-19T18:28:05.000Z,37.3125,19.793667000000006,0,9400
2019-11-19T20:14:17.000Z,37.3125,19.793667000000006,0,5000
2019-11-19T21:01:15.000Z,37.31283300000001,19.793667000000006,0,9000
2019-11-19T21:07:39.000Z,37.31267,19.79367,0,9300
2019-11-19T22:50:37.000Z,37.313333,19.7935,0,600
2019-11-19T23:43:22.000Z,37.3135,19.7935,0,27700
2019-11-20T00:27:27.000Z,37.3135,19.7935,0,28000
2019-11-20T00:58:12.000Z,37.313167,19.7935,0,10200
2019-11-20T01:13:33.000Z,37.313,19.7935,0,6500
2019-11-20T01:33:43.000Z,37.313167,19.793333,0,30700
2019-11-20T01:49:10.000Z,37.313167,19.793333,0,26900
2019-11-20T01:54:11.000Z,37.313,19.7935,0,35100
2019-11-20T02:04:10.000Z,37.314,19.7935,0,25100
2019-11-20T02:09:34.000Z,37.313,19.7935,0,26800
2019-11-20T02:14:51.000Z,37.313167,19.7935,0,8900
2019-11-20T02:42:22.000Z,37.3135,19.7935,0,9700
2019-11-20T02:51:30.000Z,37.313,19.7935,0,27200
2019-11-20T02:56:40.000Z,37.313,19.7935,0,7200
2019-11-20T03:11:52.000Z,37.313333,19.7935,0,25800
2019-11-20T03:22:11.000Z,37.3135,19.793333,0,9600
2019-11-20T03:32:30.000Z,37.313167,19.7935,0,27600
2019-11-20T03:37:09.000Z,37.313167,19.7935,0,9400
2019-11-20T04:00:31.000Z,37.3135,19.793333,0,9300
2019-11-20T04:10:31.000Z,37.313833,19.793333,0,26000
2019-11-20T04:15:43.000Z,37.313167,19.793167,0,25300
2019-11-20T04:20:21.000Z,37.313667,19.793333,0,9100
2019-11-20T04:26:01.000Z,37.314167,19.793333,0,6700
2019-11-20T04:31:21.000Z,37.314,19.793333,0,26000
2019-11-20T04:36:14.000Z,37.313333,19.793167,0,26400
2019-11-20T04:41:49.000Z,37.313667,19.793333,0,8600
2019-11-20T04:51:18.000Z,37.314167,19.793333,0,9200
2019-11-20T04:57:04.000Z,37.31417,19.79333,0,9200
2019-11-20T05:02:12.000Z,37.3135,19.793167,0,6800
2019-11-20T05:12:32.000Z,37.314,19.793333,0,25900
2019-11-20T05:17:29.000Z,37.313333,19.793167,0,33200
2019-11-20T05:22:06.000Z,37.313333,19.793167,0,6000
2019-11-20T05:27:10.000Z,37.314,19.793333,0,9400
2019-11-20T05:33:25.000Z,37.314,19.793333,0,26600
2019-11-20T05:43:29.000Z,37.3135,19.793333,0,7800
2019-11-20T05:53:45.000Z,37.314337,19.793333,0,14300
2019-11-20T06:04:00.000Z,37.313333,19.793167,0,34800
2019-11-20T06:09:10.000Z,37.313667,19.793333,0,9400
2019-11-20T06:14:24.000Z,37.314,19.793333,0,27300
2019-11-20T06:24:13.000Z,37.313,19.793167,0,6900
2019-11-20T06:34:50.000Z,37.313833,19.793167,0,8600
2019-11-20T06:44:59.000Z,37.31283300000001,19.793167,0,35400
2019-11-20T06:49:22.000Z,37.313167,19.793333,0,9900
2019-11-20T07:00:22.000Z,37.313,19.793333,0,26200
2019-11-20T07:05:14.000Z,37.31283300000001,19.793167,0,26200
2019-11-20T07:10:22.000Z,37.313,19.793333,0,9100
2019-11-20T07:15:22.000Z,37.313667,19.793167,0,8500
2019-11-20T07:25:31.000Z,37.313,19.793333,0,6000
2019-11-20T07:30:48.000Z,37.313,19.793333,0,10600
2019-11-20T07:41:10.000Z,37.313,19.793333,0,26800
2019-11-20T07:51:28.000Z,37.313,19.793333,0,10400
2019-11-20T07:56:30.000Z,37.3135,19.793167,0,28600
2019-11-20T08:01:40.000Z,37.313,19.793333,0,26100
2019-11-20T08:12:04.000Z,37.3135,19.793167,0,9700
2019-11-20T08:22:19.000Z,37.313333,19.793167,0,28000
2019-11-20T08:32:15.000Z,37.3135,19.793167,0,9800
2019-11-20T08:48:04.000Z,37.31283300000001,19.793333,0,29100
2019-11-20T08:53:11.000Z,37.312667,19.793333,0,9400
2019-11-20T08:58:21.000Z,37.313167,19.793167,0,15500
2019-11-20T09:03:24.000Z,37.313167,19.793167,0,32800
2019-11-20T09:08:30.000Z,37.313,19.793167,0,2000
2019-11-20T09:18:35.000Z,37.313,19.793167,0,15000
2019-11-20T09:23:50.000Z,37.313167,19.793167,0,29500
2019-11-20T09:38:58.000Z,37.313167,19.793167,0,4500
2019-11-20T09:44:10.000Z,37.31283300000001,19.793333,0,27000
2019-11-20T09:49:16.000Z,37.31283300000001,19.793333,0,8000
2019-11-20T09:54:23.000Z,37.313167,19.793167,0,8100
2019-11-20T10:04:18.000Z,37.313,19.793333,0,27500
2019-11-20T10:10:05.000Z,37.312667,19.793333,0,3600
2019-11-20T10:15:15.000Z,37.31283300000001,19.793333,0,12700
2019-11-20T10:31:12.000Z,37.31283300000001,19.793333,0,4800
2019-11-20T10:36:28.000Z,37.31283300000001,19.793333,0,12600
2019-11-20T10:57:06.000Z,37.312667,19.793333,0,29300
2019-11-20T11:02:12.000Z,37.312667,19.793333,0,8800
2019-11-20T11:12:21.000Z,37.3125,19.7935,0,32000
2019-11-20T11:17:10.000Z,37.3125,19.793333,0,10600
2019-11-20T11:27:50.000Z,37.312667,19.793333,0,20000
2019-11-20T11:32:52.000Z,37.3125,19.793333,0,34500
2019-11-20T11:38:05.000Z,37.3125,19.793333,0,10800
2019-11-20T11:48:22.000Z,37.312333,19.7935,0,33900
2019-11-20T11:53:17.000Z,37.312333,19.7935,0,800
2019-11-20T11:59:06.000Z,37.312333,19.7935,0,15600
2019-11-20T12:04:10.000Z,37.3125,19.793333,0,1800
2019-11-20T12:10:08.000Z,37.312333,19.7935,0,28300
2019-11-20T12:15:16.000Z,37.312333,19.7935,0,11900
2019-11-20T12:20:31.000Z,37.312667,19.793333,0,15700
2019-11-20T12:25:41.000Z,37.312333,19.7935,0,30200
2019-11-20T12:32:21.000Z,37.312167,19.7935,0,23600
2019-11-20T12:37:23.000Z,37.312333,19.7935,0,13500
2019-11-20T12:47:32.000Z,37.312167,19.7935,0,30400
2019-11-20T12:57:42.000Z,37.312167,19.7935,0,10000
2019-11-20T13:02:11.000Z,37.3125,19.7935,0,15300
2019-11-20T13:08:31.000Z,37.312333,19.7935,0,32000
2019-11-20T13:13:23.000Z,37.312167,19.793667000000006,0,28100
2019-11-20T13:18:27.000Z,37.312167,19.793667000000006,0,9300
2019-11-20T13:23:28.000Z,37.312333,19.7935,0,12700
2019-11-20T13:28:19.000Z,37.312333,19.793333,0,34800
2019-11-20T13:33:15.000Z,37.312,19.793667000000006,0,28800
2019-11-20T13:38:55.000Z,37.311833,19.793667000000006,0,25800
2019-11-20T13:43:57.000Z,37.312333,19.793667000000006,0,12000
2019-11-20T13:54:27.000Z,37.312333,19.7935,0,30900
2019-11-20T13:59:25.000Z,37.312167,19.793667000000006,0,29400
2019-11-20T14:07:53.000Z,37.312167,19.793667000000006,0,12200
2019-11-20T14:12:50.000Z,37.3125,19.7935,0,12800
2019-11-20T14:23:09.000Z,37.312333,19.7935,0,28000
2019-11-20T14:28:09.000Z,37.312167,19.7935,0,26100
2019-11-20T14:33:13.000Z,37.312167,19.7935,0,5500
2019-11-20T14:38:33.000Z,37.31217,19.7935,0,5500
2019-11-20T14:48:44.000Z,37.312167,19.7935,0,33200
2019-11-20T14:58:50.000Z,37.312333,19.7935,0,14700
2019-11-20T15:09:05.000Z,37.312333,19.7935,0,27400
2019-11-20T15:14:12.000Z,37.312167,19.7935,0,30300
2019-11-20T15:19:08.000Z,37.312167,19.7935,0,12300
2019-11-20T15:24:40.000Z,37.312333,19.7935,0,14500
2019-11-20T15:29:46.000Z,37.312333,19.7935,0,29700
2019-11-20T15:34:49.000Z,37.312333,19.7935,0,30100
2019-11-20T15:45:10.000Z,37.3125,19.7935,0,25900
2019-11-20T15:50:15.000Z,37.312333,19.7935,0,31600
2019-11-20T15:55:30.000Z,37.312333,19.7935,0,17400
2019-11-20T16:00:18.000Z,37.3125,19.7935,0,9800
2019-11-20T16:10:56.000Z,37.312333,19.7935,0,32900
2019-11-20T16:15:13.000Z,37.312333,19.7935,0,28600
2019-11-20T16:20:21.000Z,37.312333,19.7935,0,10000
2019-11-20T16:26:09.000Z,37.312667,19.793333,0,11400
2019-11-20T16:41:32.000Z,37.312333,19.7935,0,9100
2019-11-20T16:46:38.000Z,37.3125,19.7935,0,9000
2019-11-20T17:07:16.000Z,37.3125,19.793333,0,2600
2019-11-20T17:12:08.000Z,37.3125,19.793333,0,10600
2019-11-20T17:33:02.000Z,37.31283300000001,19.793333,0,28600
2019-11-20T17:38:14.000Z,37.3125,19.793333,0,30200
2019-11-20T17:43:22.000Z,37.312667,19.793333,0,12500
2019-11-20T18:03:52.000Z,37.3125,19.793333,0,10400
2019-11-20T18:24:10.000Z,37.3125,19.7935,0,32300
2019-11-20T18:29:49.000Z,37.31283300000001,19.793333,0,8500
2019-11-20T18:34:09.000Z,37.31283300000001,19.793333,0,8900
2019-11-20T18:39:16.000Z,37.31283300000001,19.793167,0,26100
2019-11-20T18:44:58.000Z,37.3125,19.793333,0,29100
2019-11-20T18:49:11.000Z,37.3125,19.793333,0,11100
2019-11-20T18:55:04.000Z,37.313,19.793333,0,20500
2019-11-20T19:05:37.000Z,37.31283300000001,19.793333,0,10600
2019-11-20T19:10:06.000Z,37.313333,19.793167,0,9000
2019-11-20T19:20:46.000Z,37.313167,19.793167,0,29100
2019-11-20T19:25:48.000Z,37.31283300000001,19.793333,0,26500
2019-11-20T19:30:52.000Z,37.313,19.793333,0,12200
2019-11-20T19:41:06.000Z,37.313333,19.793167,0,8200
2019-11-20T19:56:41.000Z,37.313167,19.793333,0,9300
2019-11-20T20:07:00.000Z,37.313,19.793333,0,13400
2019-11-20T20:32:18.000Z,37.313,19.793333,0,8100
2019-11-20T20:47:52.000Z,37.31283300000001,19.793167,0,28000
2019-11-20T20:52:58.000Z,37.313167,19.793333,0,9900
2019-11-20T20:57:11.000Z,37.3135,19.793167,0,10000
2019-11-20T21:08:04.000Z,37.313167,19.793167,0,25700
2019-11-20T21:28:51.000Z,37.31283300000001,19.793167,0,25500
2019-11-20T21:49:01.000Z,37.31283300000001,19.793167,0,28800
2019-11-20T21:54:11.000Z,37.313,19.793333,0,9400
2019-11-20T22:09:22.000Z,37.313,19.793333,0,26300
2019-11-20T22:14:12.000Z,37.31283300000001,19.793167,0,9800
2019-11-20T23:05:34.000Z,37.31283300000001,19.793167,0,27000
2019-11-20T23:31:05.000Z,37.31283300000001,19.793167,0,8600
2019-11-20T23:41:24.000Z,37.313333,19.793167,1,26900
2019-11-20T23:46:44.000Z,37.312667,19.793167,0,5200
2019-11-20T23:51:40.000Z,37.31283300000001,19.793167,0,8600
2019-11-20T23:55:44.000Z,37.31267,19.79317,0,5200
2019-11-21T00:06:10.000Z,37.31283300000001,19.793167,0,25400
2019-11-21T00:32:22.000Z,37.313333,19.793167,0,9900
2019-11-21T00:52:16.000Z,37.313667,19.793167,1,9200
2019-11-21T01:18:07.000Z,37.313167,19.793167,0,26900
2019-11-21T01:28:40.000Z,37.313,19.793167,0,7800
2019-11-21T01:43:17.000Z,37.313,19.793167,0,26400
2019-11-21T01:49:11.000Z,37.313333,19.793167,0,9200
2019-11-21T01:59:38.000Z,37.313,19.793167,0,26000
2019-11-21T02:04:11.000Z,37.313,19.793167,0,9200
2019-11-21T02:20:18.000Z,37.313167,19.793167,0,27200
2019-11-21T02:25:19.000Z,37.31283300000001,19.793167,0,6500
2019-11-21T02:30:36.000Z,37.313833,19.793167,0,8400
2019-11-21T02:40:52.000Z,37.31283300000001,19.793167,0,27200
2019-11-21T02:45:56.000Z,37.31283300000001,19.793167,0,7400
2019-11-21T03:26:21.000Z,37.3135,19.793,0,29200
2019-11-21T03:36:21.000Z,37.314167,19.793167,0,25100
2019-11-21T03:46:20.000Z,37.3135,19.793167,0,23900
2019-11-21T03:57:15.000Z,37.314337,19.793167,0,7000
2019-11-21T04:17:58.000Z,37.314167,19.793167,0,26700
2019-11-21T04:23:05.000Z,37.313833,19.793167,0,26100
2019-11-21T04:33:19.000Z,37.313667,19.793167,0,7200
2019-11-21T04:38:29.000Z,37.314337,19.793167,0,25700
2019-11-21T04:48:46.000Z,37.313333,19.793,0,23500
2019-11-21T04:58:08.000Z,37.314167,19.793167,0,26000
2019-11-21T05:08:12.000Z,37.313667,19.793167,0,24200
2019-11-21T05:19:18.000Z,37.314,19.793167,0,9800
2019-11-21T05:24:32.000Z,37.314,19.793167,1,26600
2019-11-21T05:29:41.000Z,37.313333,19.793167,0,23400
2019-11-21T05:35:22.000Z,37.31333,19.79317,0,23400
2019-11-21T06:05:12.000Z,37.314,19.793167,0,27500
2019-11-21T06:15:30.000Z,37.313333,19.793,0,34500
2019-11-21T06:20:31.000Z,37.3135,19.793167,0,7900
2019-11-21T06:25:38.000Z,37.314167,19.793167,0,28800
2019-11-21T06:35:07.000Z,37.313333,19.793167,0,5000
2019-11-21T06:51:04.000Z,37.314,19.793333,0,27400
2019-11-21T07:11:32.000Z,37.3135,19.793167,0,27400
2019-11-21T07:37:13.000Z,37.313,19.793167,0,24800
2019-11-21T07:42:09.000Z,37.313,19.793167,0,4900
2019-11-21T07:47:17.000Z,37.313333,19.793167,0,15600
2019-11-21T08:02:38.000Z,37.31283300000001,19.793167,0,23100
2019-11-21T08:07:44.000Z,37.313167,19.793167,0,9300
2019-11-21T08:22:18.000Z,37.313167,19.793167,0,27900
2019-11-21T08:33:10.000Z,37.313333,19.793167,0,9200
2019-11-21T08:38:09.000Z,37.313667,19.793167,0,26000
2019-11-21T08:48:22.000Z,37.31283300000001,19.793167,0,14100
2019-11-21T08:53:56.000Z,37.313333,19.793167,0,10100
2019-11-21T08:59:00.000Z,37.313333,19.793167,0,15000
2019-11-21T09:04:09.000Z,37.313167,19.793167,0,30100
2019-11-21T09:14:21.000Z,37.313,19.793167,0,9700
2019-11-21T09:19:33.000Z,37.313167,19.793,0,14800
2019-11-21T09:24:13.000Z,37.313167,19.793167,0,28300
2019-11-21T09:29:55.000Z,37.31283300000001,19.793167,0,20600
2019-11-21T09:35:07.000Z,37.313167,19.793167,0,9900
2019-11-21T09:40:16.000Z,37.313167,19.793167,0,11200
2019-11-21T09:55:41.000Z,37.31283300000001,19.793167,0,8000
2019-11-21T10:00:19.000Z,37.313167,19.793167,0,13500
2019-11-21T10:10:49.000Z,37.313,19.793167,0,26700
2019-11-21T10:31:01.000Z,37.312667,19.793167,0,26700
2019-11-21T10:36:08.000Z,37.312667,19.793167,0,8800
2019-11-21T10:41:12.000Z,37.313167,19.793167,0,11300
2019-11-21T10:46:34.000Z,37.31283300000001,19.793167,0,27800
2019-11-21T10:56:09.000Z,37.3125,19.793167,0,7200
2019-11-21T11:02:00.000Z,37.313,19.793167,0,10700
2019-11-21T11:07:09.000Z,37.313,19.793167,0,28500
2019-11-21T11:17:41.000Z,37.31283300000001,19.793167,0,12100
2019-11-21T11:32:44.000Z,37.3125,19.793167,0,25100
2019-11-21T11:37:50.000Z,37.31283300000001,19.793167,0,14000
2019-11-21T11:43:03.000Z,37.31283300000001,19.793167,0,30300
2019-11-21T11:48:15.000Z,37.312333,19.793333,0,29200
2019-11-21T11:52:22.000Z,37.312667,19.793167,0,12700
2019-11-21T12:03:22.000Z,37.31283300000001,19.793167,0,30000
2019-11-21T12:08:16.000Z,37.312333,19.793333,0,26300
2019-11-21T12:13:10.000Z,37.3125,19.793333,0,10200
2019-11-21T12:23:43.000Z,37.3125,19.793333,0,26000
2019-11-21T12:28:22.000Z,37.3125,19.793333,0,10100
2019-11-21T12:49:31.000Z,37.312667,19.793167,0,11200
2019-11-21T12:54:31.000Z,37.313,19.793167,0,11200
2019-11-21T12:59:50.000Z,37.312667,19.793167,0,28400
2019-11-21T13:09:48.000Z,37.31283300000001,19.793167,0,10800
2019-11-21T13:14:12.000Z,37.313,19.793167,0,12300
2019-11-21T13:19:52.000Z,37.31283300000001,19.793167,0,29500
2019-11-21T13:24:59.000Z,37.312333,19.793333,0,27700
2019-11-21T13:30:13.000Z,37.3125,19.793333,0,11300
2019-11-21T13:50:43.000Z,37.312333,19.793333,0,13200
2019-11-21T13:56:01.000Z,37.31283300000001,19.793167,0,9600
2019-11-21T14:16:33.000Z,37.313,19.793167,0,9600
2019-11-21T14:22:17.000Z,37.3125,19.793333,0,29000
2019-11-21T14:27:11.000Z,37.3125,19.793333,0,9800
2019-11-21T14:31:59.000Z,37.31283300000001,19.793167,0,9800
2019-11-21T14:37:30.000Z,37.313,19.793167,0,35500
2019-11-21T14:47:18.000Z,37.312667,19.793333,0,8700
2019-11-21T14:52:12.000Z,37.312667,19.793167,0,12100
2019-11-21T15:07:48.000Z,37.3125,19.793333,0,8500
2019-11-21T15:28:08.000Z,37.312667,19.793167,0,9800
2019-11-21T15:49:11.000Z,37.312667,19.793167,0,28300
2019-11-21T15:54:41.000Z,37.31283300000001,19.793167,0,9700
2019-11-21T16:25:15.000Z,37.31283300000001,19.793167,0,26500
2019-11-21T16:35:22.000Z,37.31283300000001,19.793167,0,8000
2019-11-21T17:01:24.000Z,37.313,19.793167,0,8600
2019-11-21T17:11:35.000Z,37.31283300000001,19.793167,0,27700
2019-11-21T17:16:49.000Z,37.312667,19.793167,0,26200
2019-11-21T17:21:58.000Z,37.312667,19.793167,0,10700
2019-11-21T17:37:31.000Z,37.313,19.793167,0,28500
2019-11-21T17:42:33.000Z,37.3125,19.793167,0,1000
2019-11-21T17:47:36.000Z,37.312667,19.793167,0,9800
2019-11-21T17:58:01.000Z,37.313167,19.793167,0,19400
2019-11-21T18:09:03.000Z,37.312667,19.793167,0,4700
2019-11-21T18:14:11.000Z,37.31283300000001,19.793167,0,11600
2019-11-21T18:24:36.000Z,37.313167,19.793167,0,27500
2019-11-21T18:29:20.000Z,37.31283300000001,19.793167,0,27200
2019-11-21T18:55:30.000Z,37.313,19.793167,0,33100
2019-11-21T19:10:45.000Z,37.31283300000001,19.793167,0,17100
2019-11-21T19:15:06.000Z,37.31283300000001,19.793167,0,16100
2019-11-21T19:31:12.000Z,37.3135,19.793167,0,6700
2019-11-21T19:41:51.000Z,37.313167,19.793167,0,25700
2019-11-21T19:52:09.000Z,37.3135,19.793167,0,9900
2019-11-21T19:57:03.000Z,37.313667,19.793167,0,9700
2019-11-21T19:58:58.000Z,37.314,19.793147,0,7200
2019-11-21T19:59:51.000Z,37.31367,19.79317,0,9700
2019-11-21T20:17:31.000Z,37.313667,19.793167,0,5000
2019-11-21T20:27:54.000Z,37.314167,19.793167,0,27100
2019-11-21T20:48:24.000Z,37.313667,19.793167,0,9500
2019-11-21T21:04:11.000Z,37.313167,19.793167,0,25400
2019-11-21T21:08:51.000Z,37.313167,19.793167,0,35900
2019-11-21T21:13:13.000Z,37.3135,19.793167,0,8600
2019-11-21T21:18:58.000Z,37.313833,19.793167,0,10400
2019-11-21T21:24:01.000Z,37.313667,19.793167,0,28600
2019-11-21T21:34:12.000Z,37.313,19.793167,0,24900
2019-11-21T21:39:06.000Z,37.313167,19.793167,0,7300
2019-11-21T21:49:33.000Z,37.313667,19.793167,0,30900
2019-11-21T21:59:51.000Z,37.313,19.793167,0,2200
2019-11-21T22:04:51.000Z,37.313333,19.793167,0,7900
2019-11-21T22:25:34.000Z,37.3135,19.793167,0,25200
2019-11-21T22:30:44.000Z,37.313333,19.793167,0,30400
2019-11-21T22:36:00.000Z,37.313333,19.793167,0,10600
2019-11-21T22:40:48.000Z,37.31333,19.79317,0,10600
2019-11-21T22:56:07.000Z,37.3135,19.793167,0,28600
2019-11-21T23:01:32.000Z,37.3135,19.793167,0,6500
2019-11-21T23:12:09.000Z,37.313667,19.793167,0,24400
2019-11-21T23:22:13.000Z,37.3135,19.793167,0,3800
2019-11-21T23:27:14.000Z,37.3135,19.793167,0,7300
2019-11-21T23:37:23.000Z,37.313833,19.793167,0,16500
2019-11-21T23:47:32.000Z,37.313667,19.793333,0,6200
2019-11-22T00:33:52.000Z,37.314,19.793333,0,9600
2019-11-22T00:54:34.000Z,37.314,19.793333,0,7900
2019-11-22T01:04:50.000Z,37.314337,19.793333,0,9900
2019-11-22T01:09:52.000Z,37.314337,19.793333,0,22200
2019-11-22T01:40:22.000Z,37.314,19.793333,0,30200
2019-11-22T01:45:53.000Z,37.314,19.793167,0,23300
2019-11-22T02:41:07.000Z,37.313833,19.793167,0,15800
2019-11-22T02:42:02.000Z,37.313833,19.793167,0,15800
2019-11-22T02:47:02.000Z,37.313833,19.793167,0,29000
2019-11-22T02:57:22.000Z,37.313667,19.793167,0,1700
2019-11-22T03:28:32.000Z,37.313667,19.793167,0,9400
2019-11-22T03:48:59.000Z,37.3135,19.793167,0,3800
2019-11-22T03:59:08.000Z,37.314167,19.793167,0,25600
2019-11-22T04:34:15.000Z,37.313833,19.793333,0,7600
2019-11-22T04:55:41.000Z,37.313333,19.793167,0,4900
2019-11-22T05:00:37.000Z,37.313667,19.793167,0,9000
2019-11-22T05:05:53.000Z,37.314167,19.793167,0,27200
2019-11-22T05:31:17.000Z,37.314167,19.793167,0,26000
2019-11-22T06:06:51.000Z,37.313167,19.793167,0,27100
2019-11-22T06:07:17.000Z,37.313333,19.793167,0,6800
2019-11-22T06:22:23.000Z,37.3135,19.793167,0,25900
2019-11-22T06:27:43.000Z,37.313167,19.793167,0,6200
2019-11-22T06:32:26.000Z,37.313333,19.793167,0,8600
2019-11-22T06:42:20.000Z,37.313833,19.793167,0,27600
2019-11-22T06:58:10.000Z,37.313667,19.793167,0,9200
2019-11-22T07:08:31.000Z,37.313,19.793167,0,27400
2019-11-22T07:13:42.000Z,37.313167,19.793167,0,9000
2019-11-22T07:24:19.000Z,37.313333,19.793167,0,25900
2019-11-22T07:29:22.000Z,37.31283300000001,19.793167,0,28600
2019-11-22T07:54:21.000Z,37.31283300000001,19.793167,0,7700
2019-11-22T07:59:12.000Z,37.3135,19.793167,0,9500
2019-11-22T08:15:18.000Z,37.312667,19.793167,0,26700
2019-11-22T08:20:26.000Z,37.313167,19.793167,0,10000
2019-11-22T08:30:51.000Z,37.3135,19.793167,0,27800
2019-11-22T08:36:02.000Z,37.312667,19.793167,0,28300
2019-11-22T08:41:11.000Z,37.31283300000001,19.793167,0,9500
2019-11-22T08:51:22.000Z,37.3135,19.793167,0,13900
2019-11-22T09:11:48.000Z,37.3135,19.793167,0,30400
2019-11-22T09:22:05.000Z,37.313,19.793167,0,25900
2019-11-22T09:27:10.000Z,37.312667,19.793333,0,5600
2019-11-22T09:37:18.000Z,37.3135,19.793167,0,14700
2019-11-22T09:47:40.000Z,37.31283300000001,19.793333,0,9800
2019-11-22T10:08:10.000Z,37.3125,19.793167,0,26200
2019-11-22T10:13:22.000Z,37.313,19.793167,0,10200
2019-11-22T10:28:07.000Z,37.312333,19.793333,0,7100
2019-11-22T10:33:42.000Z,37.313167,19.793167,0,10200
2019-11-22T10:43:43.000Z,37.313,19.793167,0,28300
2019-11-22T10:48:44.000Z,37.312667,19.793167,0,27100
2019-11-22T10:53:05.000Z,37.3125,19.793333,0,10300
2019-11-22T10:59:03.000Z,37.313333,19.793167,0,9500
2019-11-22T11:09:08.000Z,37.312667,19.793333,0,27800
2019-11-22T11:14:16.000Z,37.3125,19.793333,0,26800
2019-11-22T11:19:20.000Z,37.313,19.793167,0,10200
2019-11-22T11:34:40.000Z,37.312333,19.793333,0,9800
2019-11-22T11:39:09.000Z,37.312333,19.793333,0,11500
2019-11-22T11:44:07.000Z,37.31283300000001,19.793167,0,8900
2019-11-22T11:50:04.000Z,37.312667,19.793333,0,28500
2019-11-22T11:55:07.000Z,37.312333,19.793333,0,7700
2019-11-22T12:00:17.000Z,37.312667,19.793333,0,10500
2019-11-22T12:10:25.000Z,37.312167,19.7935,0,22300
2019-11-22T12:15:16.000Z,37.3125,19.793333,0,10000
2019-11-22T12:25:53.000Z,37.3125,19.793333,0,28900
2019-11-22T12:30:53.000Z,37.312333,19.793333,0,11700
2019-11-22T12:36:04.000Z,37.3125,19.793333,0,12100
2019-11-22T12:40:13.000Z,37.3125,19.793333,0,34800
2019-11-22T12:46:14.000Z,37.3125,19.793333,0,27000
2019-11-22T12:56:07.000Z,37.312333,19.793333,0,24700
2019-11-22T13:01:32.000Z,37.312333,19.793333,0,17700
2019-11-22T13:06:40.000Z,37.312333,19.793333,0,33300
2019-11-22T13:11:52.000Z,37.312333,19.793333,0,34400
2019-11-22T13:22:10.000Z,37.312333,19.793333,0,11700
2019-11-22T13:27:16.000Z,37.312333,19.793333,0,26000
2019-11-22T13:32:08.000Z,37.312333,19.793333,0,30200
2019-11-22T13:37:31.000Z,37.312333,19.793333,0,11400
2019-11-22T13:42:43.000Z,37.312333,19.793333,0,23100
2019-11-22T13:47:51.000Z,37.312,19.7935,0,17300
2019-11-22T13:52:08.000Z,37.312167,19.793333,0,10000
2019-11-22T13:58:00.000Z,37.312333,19.793333,0,11500
2019-11-22T14:03:11.000Z,37.312667,19.793167,0,34000
2019-11-22T14:08:11.000Z,37.312333,19.793333,0,29400
2019-11-22T14:13:27.000Z,37.312,19.7935,0,33200
2019-11-22T14:18:53.000Z,37.3125,19.793333,0,13100
2019-11-22T14:23:41.000Z,37.312667,19.793167,0,11100
2019-11-22T14:28:10.000Z,37.312333,19.793333,0,29000
2019-11-22T14:34:02.000Z,37.312167,19.7935,0,27900
2019-11-22T14:44:21.000Z,37.312667,19.793167,0,12100
2019-11-22T14:54:31.000Z,37.312167,19.793333,0,30700
2019-11-22T14:59:43.000Z,37.3125,19.793333,0,11800
2019-11-22T15:09:34.000Z,37.3125,19.793333,0,31300
2019-11-22T15:14:43.000Z,37.312333,19.793333,0,18500
2019-11-22T15:19:55.000Z,37.3125,19.793333,0,7700
2019-11-22T15:25:10.000Z,37.3125,19.793333,0,33900
2019-11-22T15:30:15.000Z,37.3125,19.793333,0,26400
2019-11-22T15:35:20.000Z,37.312333,19.793333,0,6500
2019-11-22T15:40:22.000Z,37.3125,19.793333,0,10100
2019-11-22T16:00:55.000Z,37.312333,19.793333,0,11700
2019-11-22T16:16:20.000Z,37.312333,19.793333,0,27000
2019-11-22T16:21:28.000Z,37.3125,19.793333,0,6500
2019-11-22T16:26:35.000Z,37.312667,19.793333,0,14900
2019-11-22T16:36:51.000Z,37.312333,19.793333,0,26700
2019-11-22T16:41:16.000Z,37.312333,19.793333,0,8700
2019-11-22T17:02:15.000Z,37.312333,19.793333,0,23700
2019-11-22T17:07:25.000Z,37.3125,19.793333,0,8800
2019-11-22T17:22:55.000Z,37.312333,19.793333,0,25300
2019-11-22T17:27:59.000Z,37.312333,19.793333,0,7200
2019-11-22T17:48:15.000Z,37.3125,19.793333,0,26800
2019-11-22T17:58:09.000Z,37.312667,19.793167,0,17400
2019-11-22T18:13:09.000Z,37.312333,19.793333,0,28200
2019-11-22T18:18:15.000Z,37.312167,19.7935,0,6400
2019-11-22T18:24:12.000Z,37.312333,19.7935,0,13400
2019-11-22T18:39:11.000Z,37.3125,19.793333,0,29600
2019-11-22T18:49:49.000Z,37.3125,19.793333,0,28300
2019-11-22T18:54:18.000Z,37.3125,19.793333,0,11600
2019-11-22T19:05:23.000Z,37.3125,19.793333,0,28300
2019-11-22T19:10:21.000Z,37.3125,19.793333,0,27900
2019-11-22T19:15:13.000Z,37.312667,19.793333,0,12400
2019-11-22T19:20:51.000Z,37.312667,19.793333,0,14200
2019-11-22T19:31:27.000Z,37.3125,19.793333,0,28300
2019-11-22T19:36:48.000Z,37.312333,19.7935,0,34700
2019-11-22T19:41:12.000Z,37.312333,19.7935,0,12300
2019-11-22T19:46:16.000Z,37.3125,19.793333,0,12300
2019-11-22T19:51:34.000Z,37.312667,19.793167,0,26800
2019-11-22T20:01:42.000Z,37.3125,19.793333,0,29100
2019-11-22T20:06:54.000Z,37.312667,19.793333,0,12200
2019-11-22T20:12:09.000Z,37.312667,19.793167,0,30400
2019-11-22T20:27:23.000Z,37.31283300000001,19.793167,0,11600
2019-11-22T20:37:11.000Z,37.312667,19.793167,0,28500
2019-11-22T20:42:51.000Z,37.312667,19.793333,0,33700
2019-11-22T20:48:07.000Z,37.31283300000001,19.793167,0,8900
2019-11-22T21:13:27.000Z,37.3135,19.793167,0,7900
2019-11-22T21:44:34.000Z,37.314503,19.7935,0,15700
2019-11-22T21:49:13.000Z,37.314503,19.793333,0,29900
2019-11-22T21:54:52.000Z,37.314337,19.793333,0,24100
2019-11-22T22:10:09.000Z,37.314503,19.7935,0,6700
2019-11-22T22:20:12.000Z,37.314663,19.7935,0,21300
2019-11-22T22:46:01.000Z,37.314503,19.7935,0,17400
2019-11-22T22:56:22.000Z,37.314503,19.7935,0,26300
2019-11-22T23:16:55.000Z,37.314663,19.7935,0,9900
2019-11-22T23:22:05.000Z,37.314663,19.7935,0,22900
2019-11-22T23:42:42.000Z,37.314663,19.7935,0,8300
2019-11-22T23:47:52.000Z,37.314663,19.793667000000006,0,25800
2019-11-22T23:57:14.000Z,37.314337,19.793333,0,22500
2019-11-23T00:13:09.000Z,37.314663,19.793667000000006,0,8200
2019-11-23T00:18:17.000Z,37.31483,19.793667000000006,0,25300
2019-11-23T00:23:28.000Z,37.314503,19.7935,0,23100
2019-11-23T00:44:09.000Z,37.314663,19.7935,0,8300
2019-11-23T01:20:06.000Z,37.314337,19.793333,0,24300
2019-11-23T02:05:18.000Z,37.314,19.793167,0,28100
2019-11-23T02:31:49.000Z,37.314167,19.793167,0,4500
2019-11-23T02:36:49.000Z,37.314,19.793167,0,25800
2019-11-23T02:46:17.000Z,37.314,19.79317,0,25800
2019-11-23T03:12:24.000Z,37.313333,19.793167,0,3000
2019-11-23T03:43:21.000Z,37.3135,19.793167,0,8200
2019-11-23T04:03:58.000Z,37.3135,19.793167,0,5800
2019-11-23T04:18:58.000Z,37.314167,19.793333,0,25700
2019-11-23T04:24:07.000Z,37.313667,19.793167,0,25900
2019-11-23T04:34:22.000Z,37.3135,19.793167,0,6200
2019-11-23T04:39:36.000Z,37.314167,19.793333,0,6900
2019-11-23T04:44:43.000Z,37.314167,19.793333,0,27800
2019-11-23T04:54:48.000Z,37.3135,19.793167,0,3600
2019-11-23T05:10:19.000Z,37.314167,19.793167,0,7700
2019-11-23T06:01:12.000Z,37.314167,19.793167,0,21200
2019-11-23T06:32:21.000Z,37.314,19.793167,0,26500
2019-11-23T06:42:42.000Z,37.313333,19.793167,0,6800
2019-11-23T06:52:10.000Z,37.314,19.793167,0,27300
2019-11-23T06:58:25.000Z,37.313333,19.793167,0,26700
2019-11-23T07:08:21.000Z,37.31283300000001,19.793167,0,4600
2019-11-23T07:13:32.000Z,37.313,19.793167,0,9500
2019-11-23T07:23:06.000Z,37.3135,19.793167,0,27200
2019-11-23T07:34:16.000Z,37.313,19.793167,0,6800
2019-11-23T07:44:24.000Z,37.313333,19.793167,0,11800
2019-11-23T08:00:11.000Z,37.313,19.793167,0,5600
2019-11-23T08:06:07.000Z,37.313333,19.793167,0,7700
2019-11-23T08:16:03.000Z,37.31283300000001,19.793167,0,28000
2019-11-23T08:25:22.000Z,37.313,19.793333,0,8900
2019-11-23T08:31:39.000Z,37.313333,19.793167,0,12300
2019-11-23T08:36:14.000Z,37.313167,19.793167,0,28700
2019-11-23T08:41:41.000Z,37.31283300000001,19.793167,0,25100
2019-11-23T08:46:51.000Z,37.313,19.793167,0,7300
2019-11-23T08:57:08.000Z,37.313167,19.793167,0,8500
2019-11-23T09:01:19.000Z,37.313167,19.793167,0,28800
2019-11-23T09:12:35.000Z,37.31283300000001,19.793167,0,8400
2019-11-23T09:27:14.000Z,37.313167,19.793167,0,28600
2019-11-23T09:32:09.000Z,37.31283300000001,19.793167,0,28500
2019-11-23T09:38:08.000Z,37.31283300000001,19.793167,0,7600
2019-11-23T09:48:25.000Z,37.31283300000001,19.793167,0,30700
2019-11-23T09:53:31.000Z,37.312667,19.793167,0,11200
2019-11-23T10:05:06.000Z,37.31283300000001,19.793167,0,4100
2019-11-23T10:10:09.000Z,37.31283300000001,19.793167,0,22800
2019-11-23T10:16:13.000Z,37.31283300000001,19.793167,0,1600
2019-11-23T10:21:14.000Z,37.31283300000001,19.793167,0,300
2019-11-23T10:26:21.000Z,37.312667,19.793333,0,24000
2019-11-23T10:31:31.000Z,37.312667,19.793167,0,3100
2019-11-23T10:41:16.000Z,37.3125,19.793333,0,2300
2019-11-23T10:47:13.000Z,37.312667,19.793167,0,13200
2019-11-23T10:51:17.000Z,37.313,19.793167,0,8500
2019-11-23T10:57:37.000Z,37.312667,19.793333,0,30400
2019-11-23T11:07:58.000Z,37.3125,19.793333,0,10000
2019-11-23T11:18:28.000Z,37.312667,19.793333,0,33300
2019-11-23T11:23:16.000Z,37.312667,19.793333,0,17600
2019-11-23T11:28:05.000Z,37.312667,19.793167,0,13600
2019-11-23T11:33:19.000Z,37.312667,19.793333,0,4200
2019-11-23T11:38:36.000Z,37.312667,19.793167,0,26600
2019-11-23T11:43:42.000Z,37.312333,19.793333,0,28900
2019-11-23T11:48:23.000Z,37.312333,19.7935,0,31300
2019-11-23T11:53:05.000Z,37.312333,19.793333,0,13600
2019-11-23T11:58:53.000Z,37.3125,19.793333,0,7100
2019-11-23T12:04:06.000Z,37.3125,19.793333,0,26800
2019-11-23T12:09:04.000Z,37.312333,19.793333,0,32500
2019-11-23T12:14:08.000Z,37.312333,19.7935,0,33500
2019-11-23T12:19:14.000Z,37.312333,19.793333,0,13900
2019-11-23T12:24:24.000Z,37.312333,19.7935,0,15100
2019-11-23T12:29:10.000Z,37.312333,19.793333,0,32800
2019-11-23T12:34:20.000Z,37.312333,19.793333,0,6000
2019-11-23T12:39:52.000Z,37.312333,19.793333,0,19700
2019-11-23T12:50:07.000Z,37.312,19.7935,0,18500
2019-11-23T12:55:19.000Z,37.312167,19.7935,0,7100
2019-11-23T13:00:34.000Z,37.312333,19.793333,0,12400
2019-11-23T13:05:12.000Z,37.312333,19.793333,0,33600
2019-11-23T13:10:19.000Z,37.312167,19.7935,0,31100
2019-11-23T13:16:06.000Z,37.312167,19.7935,0,15200
2019-11-23T13:21:06.000Z,37.312167,19.7935,0,13000
2019-11-23T13:31:13.000Z,37.312167,19.7935,0,28900
2019-11-23T13:36:23.000Z,37.312,19.7935,0,29000
2019-11-23T13:41:08.000Z,37.312,19.7935,0,11400
2019-11-23T13:46:34.000Z,37.312167,19.7935,0,10500
2019-11-23T13:51:51.000Z,37.312333,19.7935,0,8500
2019-11-23T13:56:10.000Z,37.312333,19.7935,0,23700
2019-11-23T14:02:02.000Z,37.312167,19.7935,0,33200
2019-11-23T14:07:11.000Z,37.312,19.7935,0,26600
2019-11-23T14:12:12.000Z,37.312,19.793667000000006,0,32400
2019-11-23T14:17:21.000Z,37.312167,19.7935,0,12400
2019-11-23T14:22:33.000Z,37.312333,19.7935,0,16500
2019-11-23T14:27:43.000Z,37.312333,19.793333,0,28900
2019-11-23T14:32:17.000Z,37.312,19.793667000000006,0,31200
2019-11-23T14:38:06.000Z,37.312,19.7935,0,16400
2019-11-23T14:43:14.000Z,37.312167,19.7935,0,10400
2019-11-23T14:53:30.000Z,37.312333,19.7935,0,32600
2019-11-23T14:58:32.000Z,37.312333,19.7935,0,27900
2019-11-23T15:03:41.000Z,37.312167,19.7935,0,26600
2019-11-23T15:08:51.000Z,37.312167,19.793667000000006,0,300
2019-11-23T15:13:09.000Z,37.312167,19.7935,0,17000
2019-11-23T15:18:13.000Z,37.312333,19.793333,0,7000
2019-11-23T15:24:06.000Z,37.312167,19.7935,0,27100
2019-11-23T15:34:51.000Z,37.312167,19.7935,0,15900
2019-11-23T15:39:21.000Z,37.312167,19.7935,0,12500
2019-11-23T15:45:11.000Z,37.312333,19.793333,0,10600
2019-11-23T15:55:28.000Z,37.312333,19.7935,0,28400
2019-11-23T16:05:08.000Z,37.312167,19.7935,0,13400
2019-11-23T16:15:07.000Z,37.312167,19.7935,0,30400
2019-11-23T16:21:02.000Z,37.312,19.793667000000006,0,31200
2019-11-23T16:36:11.000Z,37.312167,19.7935,0,29800
2019-11-23T16:51:19.000Z,37.312167,19.7935,0,17300
2019-11-23T17:07:22.000Z,37.312167,19.7935,0,29400
2019-11-23T17:22:07.000Z,37.3125,19.793333,0,23600
2019-11-23T17:38:19.000Z,37.312167,19.7935,0,34600
2019-11-23T17:50:23.000Z,37.312333,19.793333,0,13200
2019-11-23T18:04:56.000Z,37.312167,19.7935,0,5300
2019-11-23T18:20:16.000Z,37.3125,19.793333,0,9000
2019-11-23T18:35:05.000Z,37.312333,19.7935,0,9200
2019-11-23T18:51:06.000Z,37.312667,19.793333,0,29900
2019-11-23T19:05:53.000Z,37.3125,19.793333,0,7700
2019-11-23T19:25:21.000Z,37.3125,19.793333,0,1900
2019-11-23T19:41:46.000Z,37.312667,19.793333,0,28100
2019-11-23T19:56:07.000Z,37.313,19.793333,0,10200
2019-11-23T20:15:20.000Z,37.312667,19.793333,0,7100
2019-11-23T20:27:38.000Z,37.31283300000001,19.793333,0,10900
2019-11-23T20:48:08.000Z,37.314167,19.793333,0,13700
2019-11-23T21:13:32.000Z,37.314503,19.793333,0,26100
2019-11-23T21:59:33.000Z,37.314663,19.7935,0,7200
2019-11-23T22:04:43.000Z,37.314663,19.7935,0,24200
2019-11-23T22:09:41.000Z,37.314503,19.7935,0,24100
2019-11-23T22:30:30.000Z,37.31483,19.793667000000006,0,24800
2019-11-23T22:35:26.000Z,37.314503,19.7935,0,22900
2019-11-23T22:56:05.000Z,37.31483,19.793667000000006,0,10300
2019-11-23T23:01:12.000Z,37.31483,19.793667000000006,0,26100
2019-11-23T23:06:22.000Z,37.314503,19.7935,0,21600
2019-11-23T23:21:55.000Z,37.314663,19.7935,0,6800
2019-11-23T23:27:00.000Z,37.31483,19.7935,0,34200
2019-11-23T23:32:06.000Z,37.314663,19.7935,0,25000
2019-11-23T23:37:10.000Z,37.314503,19.7935,0,23700
2019-11-23T23:47:17.000Z,37.314663,19.7935,0,5200
2019-11-23T23:52:58.000Z,37.31483,19.7935,0,7200
2019-11-23T23:58:08.000Z,37.31483,19.7935,0,25500
2019-11-24T00:03:13.000Z,37.314663,19.7935,0,23100
2019-11-24T00:08:20.000Z,37.314503,19.793333,0,23400
2019-11-24T00:18:44.000Z,37.314663,19.7935,0,14400
2019-11-24T00:23:29.000Z,37.314663,19.7935,0,27000
2019-11-24T00:28:32.000Z,37.314503,19.793333,0,23700
2019-11-24T01:09:58.000Z,37.314337,19.793333,0,26500
2019-11-24T03:14:12.000Z,37.31417,19.79333,0,6800
2019-11-24T05:05:34.000Z,37.3135,19.793167,0,9900
2019-11-24T05:11:14.000Z,37.313833,19.793167,0,8900
2019-11-24T05:57:30.000Z,37.313667,19.793167,0,25300
2019-11-24T05:57:32.000Z,37.313667,19.793167,0,25300
2019-11-24T06:07:38.000Z,37.313333,19.793167,0,26600
2019-11-24T06:18:02.000Z,37.313667,19.793167,0,12100
2019-11-24T06:28:11.000Z,37.313167,19.793167,0,26200
2019-11-24T06:33:21.000Z,37.313333,19.793167,0,6800
2019-11-24T06:53:35.000Z,37.313333,19.793167,0,26800
2019-11-24T06:58:53.000Z,37.313,19.793167,0,5300
2019-11-24T07:03:59.000Z,37.313167,19.793167,0,6100
2019-11-24T07:09:12.000Z,37.313167,19.793167,0,23000
2019-11-24T07:19:26.000Z,37.313,19.793167,0,30100
2019-11-24T07:24:33.000Z,37.313167,19.793167,0,8900
2019-11-24T07:35:01.000Z,37.313167,19.793167,0,28600
2019-11-24T07:39:26.000Z,37.313,19.793167,0,28000
2019-11-24T07:45:08.000Z,37.313,19.793167,0,26700
2019-11-24T07:49:27.000Z,37.313,19.793333,0,29500
2019-11-24T07:54:32.000Z,37.31283300000001,19.793333,0,29300
2019-11-24T08:00:24.000Z,37.312667,19.793333,0,9000
2019-11-24T08:05:37.000Z,37.31283300000001,19.793333,0,14600
2019-11-24T08:10:46.000Z,37.31283300000001,19.793167,0,27200
2019-11-24T08:16:02.000Z,37.31283300000001,19.793333,0,30000
2019-11-24T08:20:24.000Z,37.31283300000001,19.793167,0,11200
2019-11-24T08:26:20.000Z,37.313,19.793167,0,10100
2019-11-24T08:31:19.000Z,37.313167,19.793167,0,13100
2019-11-24T08:36:32.000Z,37.31283300000001,19.793333,0,29600
2019-11-24T08:41:37.000Z,37.312667,19.793333,0,27000
2019-11-24T08:46:49.000Z,37.3125,19.793333,0,5800
2019-11-24T08:51:24.000Z,37.312667,19.793333,0,15400
2019-11-24T08:56:59.000Z,37.31283300000001,19.793167,0,13800
2019-11-24T09:12:19.000Z,37.3125,19.793333,0,27800
2019-11-24T09:17:20.000Z,37.312667,19.793333,0,10200
2019-11-24T09:22:26.000Z,37.31283300000001,19.793167,0,15300
2019-11-24T09:27:28.000Z,37.31283300000001,19.793167,0,4600
2019-11-24T09:37:25.000Z,37.312667,19.793333,0,26400
2019-11-24T09:42:41.000Z,37.3125,19.793333,0,23900
2019-11-24T09:47:48.000Z,37.3125,19.793333,0,26700
2019-11-24T09:52:34.000Z,37.3125,19.793333,0,31500
2019-11-24T09:57:19.000Z,37.3125,19.793333,0,9700
2019-11-24T10:07:32.000Z,37.312667,19.793333,0,29100
2019-11-24T10:13:31.000Z,37.3125,19.793333,0,29000
2019-11-24T10:28:47.000Z,37.3125,19.793333,0,13500
2019-11-24T10:44:03.000Z,37.312167,19.7935,0,32100
2019-11-24T10:49:10.000Z,37.312167,19.793667000000006,0,35900
2019-11-24T10:59:26.000Z,37.312333,19.7935,0,7700
2019-11-24T11:04:48.000Z,37.312167,19.7935,0,31400
2019-11-24T11:14:52.000Z,37.312167,19.7935,0,13700
2019-11-24T11:19:57.000Z,37.3125,19.7935,0,12500
2019-11-24T11:30:03.000Z,37.312167,19.793667000000006,0,30600
2019-11-24T11:35:13.000Z,37.312,19.793667000000006,0,9300
2019-11-24T11:45:32.000Z,37.312167,19.7935,0,16900
2019-11-24T12:00:41.000Z,37.312,19.793667000000006,0,8000
2019-11-24T12:15:53.000Z,37.312167,19.793667000000006,0,31300
2019-11-24T12:34:21.000Z,37.312167,19.793667000000006,0,13100
2019-11-24T12:46:48.000Z,37.312,19.793667000000006,0,25800
2019-11-24T12:51:52.000Z,37.312033,19.793668,0,25800
2019-11-24T13:02:08.000Z,37.312,19.793667000000006,0,25600
2019-11-24T13:07:11.000Z,37.312,19.793667000000006,0,34100
2019-11-24T13:22:33.000Z,37.312167,19.793667000000006,0,24900
2019-11-24T13:37:30.000Z,37.312,19.793833,0,13500
2019-11-24T13:53:23.000Z,37.312,19.793667000000006,0,29300
2019-11-24T14:08:38.000Z,37.312167,19.793667000000006,0,14200
2019-11-24T14:14:04.000Z,37.312,19.793667000000006,0,32600
2019-11-24T14:23:39.000Z,37.312,19.793667000000006,0,11900
2019-11-24T14:34:30.000Z,37.312167,19.793667000000006,0,13500
2019-11-24T14:39:32.000Z,37.312167,19.7935,0,33700
2019-11-24T14:49:48.000Z,37.312,19.793667000000006,0,15700
2019-11-24T14:55:00.000Z,37.312167,19.7935,0,12800
2019-11-24T15:10:26.000Z,37.312,19.793667000000006,0,30600
2019-11-24T15:25:55.000Z,37.312167,19.793667000000006,0,14300
2019-11-24T15:41:20.000Z,37.312167,19.793667000000006,0,32600
2019-11-24T15:56:44.000Z,37.312167,19.793667000000006,0,25100
2019-11-24T16:12:12.000Z,37.312167,19.793667000000006,0,12900
2019-11-24T16:27:55.000Z,37.312167,19.793667000000006,0,28000
2019-11-24T16:43:13.000Z,37.312333,19.7935,0,18900
2019-11-24T16:53:29.000Z,37.312333,19.7935,0,25800
2019-11-24T17:03:36.000Z,37.312333,19.7935,0,11400
2019-11-24T17:08:48.000Z,37.312333,19.7935,0,29600
2019-11-24T17:13:59.000Z,37.312333,19.7935,0,29600
2019-11-24T17:19:10.000Z,37.312167,19.7935,0,11700
2019-11-24T17:29:27.000Z,37.3125,19.793333,0,25700
2019-11-24T17:44:52.000Z,37.312333,19.793333,0,21000
2019-11-24T17:55:04.000Z,37.3125,19.793333,0,25600
2019-11-24T18:00:21.000Z,37.3125,19.793333,0,2400
2019-11-24T18:10:32.000Z,37.312333,19.7935,0,6600
2019-11-24T18:25:43.000Z,37.3125,19.7935,0,26900
2019-11-24T18:44:26.000Z,37.312333,19.7935,0,7200
2019-11-24T18:56:38.000Z,37.3125,19.7935,0,17800
2019-11-24T19:11:28.000Z,37.312333,19.7935,0,10200
2019-11-24T19:17:15.000Z,37.3125,19.793333,0,12400
2019-11-24T19:26:30.000Z,37.3125,19.793333,0,28800
2019-11-24T19:32:22.000Z,37.312167,19.7935,0,30100
2019-11-24T19:42:34.000Z,37.3125,19.793333,0,11300
2019-11-24T19:47:38.000Z,37.312667,19.793333,0,12900
2019-11-24T19:58:14.000Z,37.312667,19.793333,0,29000
2019-11-24T20:08:10.000Z,37.313167,19.793167,0,9300
2019-11-24T20:12:41.000Z,37.3135,19.793167,0,8600
2019-11-24T20:23:39.000Z,37.31432,19.793333,0,27400
2019-11-24T20:41:49.000Z,37.314167,19.793333,0,8900
2019-11-24T21:04:18.000Z,37.314167,19.793333,0,2200
2019-11-24T22:41:51.000Z,37.314167,19.793333,0,28100
2019-11-24T23:47:41.000Z,37.314167,19.793333,0,27000
2019-11-25T00:30:02.000Z,37.314337,19.793333,0,7100
2019-11-25T02:21:18.000Z,37.314503,19.7935,0,19900
2019-11-25T02:36:23.000Z,37.314503,19.7935,0,6900
2019-11-25T03:07:18.000Z,37.314503,19.7935,0,11700
2019-11-25T03:22:42.000Z,37.314503,19.7935,0,22100
2019-11-25T03:38:06.000Z,37.314503,19.7935,0,27300
2019-11-25T03:53:25.000Z,37.314337,19.793333,0,23100
2019-11-25T04:17:37.000Z,37.314503,19.7935,0,23300
2019-11-25T04:38:10.000Z,37.314503,19.7935,0,7600
2019-11-25T04:58:31.000Z,37.314337,19.793333,0,5100
2019-11-25T05:19:07.000Z,37.314337,19.7935,0,10300
2019-11-25T05:34:28.000Z,37.314503,19.793333,0,20100
2019-11-25T05:49:41.000Z,37.314663,19.7935,0,5500
2019-11-25T05:54:48.000Z,37.314503,19.7935,0,24700
2019-11-25T06:11:02.000Z,37.3135,19.793167,0,10100
2019-11-25T06:39:30.000Z,37.3135,19.793167,0,7100
2019-11-25T06:55:18.000Z,37.3135,19.793167,0,25600
2019-11-25T07:30:51.000Z,37.313,19.793167,0,6900
2019-11-25T07:51:17.000Z,37.313167,19.793167,0,25600
2019-11-25T08:27:12.000Z,37.313167,19.793333,0,11200
2019-11-25T08:42:18.000Z,37.313167,19.793333,0,27400
2019-11-25T08:57:42.000Z,37.31283300000001,19.793333,0,4100
2019-11-25T09:13:13.000Z,37.313,19.793167,0,32600
2019-11-25T09:28:23.000Z,37.31283300000001,19.793333,0,7400
2019-11-25T09:48:54.000Z,37.312667,19.793333,0,24900
2019-11-25T10:04:13.000Z,37.312667,19.793333,0,27100
2019-11-25T10:19:24.000Z,37.312667,19.793333,0,11900
2019-11-25T10:34:44.000Z,37.312667,19.793333,0,29200
2019-11-25T10:55:35.000Z,37.3125,19.793333,0,34200
2019-11-25T11:10:53.000Z,37.3125,19.793333,0,22200
2019-11-25T11:26:13.000Z,37.312333,19.793333,0,26500
2019-11-25T11:41:34.000Z,37.312333,19.793333,0,24400
2019-11-25T11:56:46.000Z,37.3125,19.793333,0,11700
2019-11-25T12:11:26.000Z,37.312167,19.7935,0,1400
2019-11-25T12:27:43.000Z,37.312167,19.7935,0,33700
2019-11-25T12:41:17.000Z,37.312,19.793653,0,32000
2019-11-25T12:58:17.000Z,37.312,19.793667000000006,0,12500
2019-11-25T13:17:35.000Z,37.311877,19.793717,0,12500
2019-11-25T13:34:11.000Z,37.312333,19.7935,0,12800
2019-11-25T13:49:34.000Z,37.312,19.793667000000006,0,28700
2019-11-25T14:04:42.000Z,37.312333,19.793333,0,11300
2019-11-25T14:20:10.000Z,37.311833,19.793667000000006,0,34900
2019-11-25T14:35:15.000Z,37.311833,19.793667000000006,0,27600
2019-11-25T14:53:35.000Z,37.312,19.793667000000006,0,33900
2019-11-25T15:11:37.000Z,37.312,19.793667000000006,0,21500
2019-11-25T15:29:35.000Z,37.312,19.7935,0,13200
2019-11-25T15:46:45.000Z,37.311833,19.793833,0,1600
2019-11-25T16:05:28.000Z,37.312,19.793667000000006,0,10700
2019-11-25T16:22:25.000Z,37.312,19.7935,0,24700
2019-11-25T16:37:52.000Z,37.312333,19.7935,0,22100
2019-11-25T16:53:39.000Z,37.3125,19.793333,0,28000
2019-11-25T17:11:26.000Z,37.3125,19.793333,0,8100
2019-11-25T17:28:43.000Z,37.3125,19.793333,0,33300
2019-11-25T17:44:11.000Z,37.312667,19.793333,0,300
2019-11-25T17:59:23.000Z,37.3125,19.793333,0,8800
2019-11-25T18:17:30.000Z,37.312667,19.793333,0,26500
2019-11-25T18:35:16.000Z,37.31283300000001,19.793333,0,15900
2019-11-25T18:55:50.000Z,37.313,19.793167,0,21000
2019-11-25T19:16:31.000Z,37.313667,19.793333,0,8400
2019-11-25T19:57:23.000Z,37.314503,19.7935,0,7900
2019-11-25T20:02:48.000Z,37.31448,19.793493,0,32800
2019-11-25T20:12:44.000Z,37.314503,19.7935,0,32000
2019-11-25T20:28:07.000Z,37.314503,19.7935,0,26300
2019-11-25T20:43:28.000Z,37.314503,19.7935,0,1100
2019-11-25T20:58:58.000Z,37.314663,19.7935,0,18100
2019-11-25T21:14:24.000Z,37.314503,19.793333,0,22700
2019-11-25T21:34:44.000Z,37.314663,19.7935,0,7700
2019-11-25T21:49:56.000Z,37.314503,19.7935,0,4200
2019-11-25T22:10:13.000Z,37.314663,19.7935,0,17700
2019-11-25T22:25:39.000Z,37.314663,19.7935,0,35600
2019-11-25T22:41:28.000Z,37.314503,19.7935,0,6200
2019-11-25T23:01:28.000Z,37.314663,19.7935,0,24800
2019-11-25T23:16:41.000Z,37.314663,19.7935,0,4200
2019-11-25T23:32:01.000Z,37.314663,19.7935,0,13100
2019-11-25T23:47:32.000Z,37.314663,19.7935,0,25300
2019-11-26T00:02:32.000Z,37.314503,19.793333,0,23600
2019-11-26T00:14:33.000Z,37.314503,19.7935,0,5600
2019-11-26T00:34:09.000Z,37.314503,19.7935,0,21200
2019-11-26T00:49:29.000Z,37.314663,19.7935,0,6000
2019-11-26T01:04:49.000Z,37.314503,19.793333,0,34300
2019-11-26T01:20:17.000Z,37.31483,19.793667000000006,0,1300
2019-11-26T01:35:32.000Z,37.314503,19.7935,0,24400
2019-11-26T01:50:49.000Z,37.314663,19.7935,0,7600
2019-11-26T02:11:20.000Z,37.314503,19.7935,0,6300
2019-11-26T02:27:02.000Z,37.314503,19.7935,0,23300
2019-11-26T02:44:12.000Z,37.314663,19.7935,0,6400
2019-11-26T03:00:11.000Z,37.31466,19.79367,0,32000
2019-11-26T03:19:48.000Z,37.31483,19.793667000000006,0,8400
2019-11-26T03:39:42.000Z,37.314503,19.7935,0,5400
2019-11-26T03:55:21.000Z,37.314663,19.793667000000006,0,23700
2019-11-26T04:10:40.000Z,37.314503,19.7935,0,5700
2019-11-26T04:25:55.000Z,37.314663,19.793667000000006,0,23400
2019-11-26T04:44:31.000Z,37.31483,19.793667000000006,0,6300
2019-11-26T05:01:10.000Z,37.314663,19.7935,0,23600
2019-11-26T05:20:42.000Z,37.314663,19.7935,0,26000
2019-11-26T05:36:59.000Z,37.314503,19.7935,0,7500
2019-11-26T05:52:28.000Z,37.314503,19.7935,0,25500
2019-11-26T06:07:41.000Z,37.313833,19.793167,0,26000
2019-11-26T06:38:22.000Z,37.314,19.793333,0,27800
2019-11-26T07:03:45.000Z,37.313833,19.793333,0,9900
2019-11-26T07:24:12.000Z,37.3135,19.793167,0,24300
2019-11-26T07:54:59.000Z,37.3135,19.793167,0,10500
2019-11-26T08:15:53.000Z,37.313833,19.793333,0,26200
2019-11-26T08:31:12.000Z,37.31283300000001,19.793333,0,28200
2019-11-26T08:55:39.000Z,37.313,19.793167,0,10500
2019-11-26T09:12:19.000Z,37.313167,19.793167,0,29300
2019-11-26T09:31:28.000Z,37.313167,19.793333,0,11100
2019-11-26T09:48:23.000Z,37.313,19.793333,0,27900
2019-11-26T10:13:52.000Z,37.313,19.793333,0,23300
2019-11-26T10:29:21.000Z,37.313,19.793333,0,27600
2019-11-26T10:49:42.000Z,37.31283300000001,19.793333,0,29500
2019-11-26T11:10:12.000Z,37.312667,19.793333,0,24600
2019-11-26T11:30:56.000Z,37.312667,19.793333,0,3300
2019-11-26T11:46:30.000Z,37.313,19.793333,0,13200
2019-11-26T12:06:39.000Z,37.3125,19.7935,0,34600
2019-11-26T12:22:03.000Z,37.3125,19.7935,0,600
2019-11-26T12:37:32.000Z,37.312333,19.7935,0,3100
2019-11-26T12:52:36.000Z,37.312333,19.793667000000006,0,27500
2019-11-26T13:08:02.000Z,37.312333,19.793667000000006,0,20500
2019-11-26T13:28:23.000Z,37.312333,19.793667000000006,0,17500
2019-11-26T13:43:59.000Z,37.3125,19.7935,0,12600
2019-11-26T13:59:31.000Z,37.312167,19.793833,0,15300
2019-11-26T14:15:36.000Z,37.312333,19.793667000000006,0,32100
2019-11-26T14:30:18.000Z,37.312,19.793833,0,1200
2019-11-26T14:45:34.000Z,37.312333,19.7935,0,11600
2019-11-26T15:01:20.000Z,37.312,19.793833,0,19300
2019-11-26T15:21:17.000Z,37.312333,19.793667000000006,0,15400
2019-11-26T15:41:26.000Z,37.312167,19.793833,0,14900
2019-11-26T15:59:43.000Z,37.312333,19.793667000000006,0,21300
2019-11-26T16:23:03.000Z,37.3125,19.793667000000006,0,27900
2019-11-26T16:39:07.000Z,37.312333,19.793833,0,8600
2019-11-26T17:00:05.000Z,37.312667,19.7935,0,30700
2019-11-26T17:15:49.000Z,37.3125,19.793667000000006,0,27300
2019-11-26T17:29:46.000Z,37.312667,19.793493,0,18500
2019-11-26T17:52:52.000Z,37.31283300000001,19.7935,0,33500
2019-11-26T18:13:39.000Z,37.312667,19.7935,0,10400
2019-11-26T18:34:30.000Z,37.313,19.793333,0,2200
2019-11-26T18:50:09.000Z,37.31283300000001,19.7935,0,25900
2019-11-26T19:05:29.000Z,37.313,19.7935,0,6200
2019-11-26T19:21:16.000Z,37.313333,19.793333,0,8800
2019-11-26T19:42:00.000Z,37.314337,19.7935,0,7800
2019-11-26T19:57:33.000Z,37.314663,19.793667000000006,0,22400
2019-11-26T20:13:29.000Z,37.31448,19.793493,0,26600
2019-11-26T20:23:26.000Z,37.314503,19.7935,0,14300
2019-11-26T20:33:31.000Z,37.314503,19.793667000000006,0,3200
2019-11-26T20:49:29.000Z,37.314337,19.7935,0,27200
2019-11-26T21:10:09.000Z,37.314663,19.793667000000006,0,6600
2019-11-26T21:30:37.000Z,37.314663,19.7935,0,25300
2019-11-26T21:46:00.000Z,37.315,19.793833,0,7300
2019-11-26T22:07:24.000Z,37.314663,19.793667000000006,0,20300
