timestamp,longitude,latitude,speed,direction
2019-04-03T22:56:37.000Z,79.850042,6.943215,0,21910
2019-04-03T23:11:37.000Z,79.85009699999998,6.943213,0,230
2019-04-03T23:20:38.000Z,79.850055,6.943227,0,230
2019-04-03T23:23:38.000Z,79.849997,6.943267,0,230
2019-04-03T23:38:38.000Z,79.850078,6.943223,0,230
2019-04-03T23:50:39.000Z,79.850083,6.943219999999998,0,230
2019-04-03T23:50:39.000Z,79.850083,6.943219999999998,0,230
2019-04-04T00:05:39.000Z,79.850087,6.943247,0,230
2019-04-04T00:17:40.000Z,79.84999300000001,6.943178,0,230
2019-04-04T00:23:40.000Z,79.850065,6.943223,0,230
2019-04-04T00:32:39.000Z,79.850063,6.943232000000001,0,230
2019-04-04T00:44:40.000Z,79.850052,6.943245,0,230
2019-04-04T00:56:41.000Z,79.849982,6.943192,0,230
2019-04-04T01:05:41.000Z,79.85007,6.9432350000000005,0,230
2019-04-04T01:11:40.000Z,79.85006700000002,6.943219999999998,0,230
2019-04-04T01:16:43.000Z,79.849958,6.943303,1,29720
2019-04-04T01:17:24.000Z,79.84980999999998,6.943485000000001,2,31940
2019-04-04T01:17:55.000Z,79.84965799999998,6.9436300000000015,2,31630
2019-04-04T01:18:24.000Z,79.849518,6.943764999999999,2,31190
2019-04-04T01:18:55.000Z,79.849338,6.9439,2,30690
2019-04-04T01:20:24.000Z,79.849277,6.9440800000000005,1,3580
2019-04-04T01:20:55.000Z,79.849387,6.944308,2,3090
2019-04-04T01:21:21.000Z,79.849498,6.9445380000000005,4,2080
2019-04-04T01:21:44.000Z,79.84953,6.944827,5,340
2019-04-04T01:22:05.000Z,79.84954300000003,6.9451350000000005,6,10
2019-04-04T01:22:24.000Z,79.849513,6.945448,6,35680
2019-04-04T01:22:33.000Z,79.8495,6.945628,7,35530
2019-04-04T01:22:44.000Z,79.849473,6.945822,7,35130
2019-04-04T01:22:54.000Z,79.84944200000002,6.9460130000000015,7,34870
2019-04-04T01:23:05.000Z,79.849388,6.946228,7,34620
2019-04-04T01:23:26.000Z,79.849253,6.946572,7,34060
2019-04-04T01:23:33.000Z,79.84917800000002,6.946758,7,33930
2019-04-04T01:23:44.000Z,79.84910500000002,6.946948,8,33920
2019-04-04T01:23:54.000Z,79.849032,6.947139999999999,8,33970
2019-04-04T01:24:13.000Z,79.848895,6.947518,8,33900
2019-04-04T01:24:24.000Z,79.848812,6.947742,8,33930
2019-04-04T01:24:33.000Z,79.848738,6.947952000000001,8,33930
2019-04-04T01:24:44.000Z,79.848658,6.948157000000001,8,33890
2019-04-04T01:24:54.000Z,79.848573,6.9483570000000014,8,33920
2019-04-04T01:25:05.000Z,79.848485,6.9485850000000005,8,33930
2019-04-04T01:25:13.000Z,79.848422,6.948760000000001,8,33900
2019-04-04T01:25:24.000Z,79.848333,6.948995,9,33910
2019-04-04T01:25:33.000Z,79.848252,6.949210000000001,9,33910
2019-04-04T01:25:44.000Z,79.848167,6.949427,9,33900
2019-04-04T01:25:54.000Z,79.848083,6.94965,9,33910
2019-04-04T01:26:05.000Z,79.847987,6.949885000000001,9,33940
2019-04-04T01:26:13.000Z,79.84791700000002,6.950063,9,33930
2019-04-04T01:26:24.000Z,79.84782,6.9503119999999985,9,33890
2019-04-04T01:26:33.000Z,79.84773299999998,6.950542,9,33890
2019-04-04T01:26:44.000Z,79.84764799999998,6.95077,9,33890
2019-04-04T01:26:54.000Z,79.847557,6.950997,9,33850
2019-04-04T01:27:04.000Z,79.84745699999998,6.95125,9,33870
2019-04-04T01:27:13.000Z,79.847383,6.9514369999999985,9,33870
2019-04-04T01:27:24.000Z,79.84728199999998,6.9517050000000005,10,33900
2019-04-04T01:27:33.000Z,79.847192,6.951963,10,34000
2019-04-04T01:27:44.000Z,79.847103,6.952213,10,34030
2019-04-04T01:27:54.000Z,79.847015,6.952468,11,34050
2019-04-04T01:28:04.000Z,79.846907,6.952777,11,34030
2019-04-04T01:28:13.000Z,79.846823,6.953022,11,33980
2019-04-04T01:28:24.000Z,79.846725,6.953328,11,34000
2019-04-04T01:28:35.000Z,79.84661700000002,6.953637,12,34020
2019-04-04T01:28:43.000Z,79.846532,6.953867,12,33990
2019-04-04T01:28:54.000Z,79.846412,6.954203,12,33990
2019-04-04T01:29:05.000Z,79.846292,6.954538,12,34010
2019-04-04T01:29:14.000Z,79.846198,6.954793,12,33960
2019-04-04T01:29:24.000Z,79.846122,6.95504,12,34030
2019-04-04T01:29:35.000Z,79.84598199999998,6.955417999999999,13,34070
2019-04-04T01:29:43.000Z,79.845888,6.955685000000001,13,34040
2019-04-04T01:29:53.000Z,79.845792,6.955972999999998,13,34070
2019-04-04T01:30:03.000Z,79.845678,6.956297,13,34060
2019-04-04T01:30:14.000Z,79.845545,6.9566300000000005,13,34020
2019-04-04T01:30:24.000Z,79.845422,6.956923,13,34010
2019-04-04T01:30:35.000Z,79.845282,6.957303,13,33970
2019-04-04T01:30:43.000Z,79.84517199999998,6.957582,14,33930
2019-04-04T01:30:53.000Z,79.845045,6.95794,14,34010
2019-04-04T01:31:03.000Z,79.844925,6.958297,14,34100
2019-04-04T01:31:14.000Z,79.8448,6.9586830000000015,14,34170
2019-04-04T01:31:23.000Z,79.844695,6.958989999999999,14,34170
2019-04-04T01:31:35.000Z,79.844537,6.959393,14,34000
2019-04-04T01:31:43.000Z,79.84442800000002,6.959657000000001,14,34020
2019-04-04T01:31:53.000Z,79.84429499999997,6.959977,14,33860
2019-04-04T01:32:03.000Z,79.844155,6.960313,14,33710
2019-04-04T01:32:14.000Z,79.843992,6.960686999999999,14,33530
2019-04-04T01:32:24.000Z,79.84384200000002,6.960995,14,33280
2019-04-04T01:32:35.000Z,79.84362,6.9613830000000005,14,33030
2019-04-04T01:32:43.000Z,79.843475,6.961643,14,32990
2019-04-04T01:32:54.000Z,79.843298,6.961964999999998,14,33160
2019-04-04T01:33:03.000Z,79.843122,6.9622899999999985,14,33040
2019-04-04T01:33:14.000Z,79.842917,6.962633,14,32940
2019-04-04T01:33:24.000Z,79.842735,6.962907,14,32660
2019-04-04T01:33:35.000Z,79.84248000000002,6.9632770000000015,14,32540
2019-04-04T01:33:43.000Z,79.8423,6.963514999999999,14,32410
2019-04-04T01:33:53.000Z,79.842078,6.963817,14,32390
2019-04-04T01:34:03.000Z,79.84186,6.9641199999999985,14,32420
2019-04-04T01:34:14.000Z,79.84161800000003,6.964457,14,32380
2019-04-04T01:34:23.000Z,79.841417,6.964737,15,32360
2019-04-04T01:34:35.000Z,79.841148,6.965102000000001,15,32390
2019-04-04T01:34:43.000Z,79.840972,6.965348,15,32380
2019-04-04T01:34:53.000Z,79.840743,6.965665,15,32420
2019-04-04T01:35:03.000Z,79.84049499999998,6.966005,15,32460
2019-04-04T01:35:14.000Z,79.84026999999998,6.966317,15,32470
2019-04-04T01:35:23.000Z,79.840067,6.9666,15,32510
2019-04-04T01:35:35.000Z,79.83981,6.966985,15,32590
2019-04-04T01:35:43.000Z,79.83964300000002,6.967242,15,32610
2019-04-04T01:35:53.000Z,79.83941800000002,6.967552,15,32440
2019-04-04T01:36:03.000Z,79.83916500000002,6.967888,15,32220
2019-04-04T01:36:13.000Z,79.83894699999998,6.968152000000001,15,32060
2019-04-04T01:36:23.000Z,79.838698,6.968435,15,31840
2019-04-04T01:36:35.000Z,79.838422,6.968742999999999,15,31800
2019-04-04T01:36:43.000Z,79.83819,6.96899,15,31670
2019-04-04T01:36:53.000Z,79.837923,6.969255,15,31520
2019-04-04T01:37:03.000Z,79.83761,6.969542,15,31270
2019-04-04T01:37:13.000Z,79.837362,6.969785000000001,15,31210
2019-04-04T01:37:23.000Z,79.837052,6.9700380000000015,15,31080
2019-04-04T01:37:34.000Z,79.836732,6.9703149999999985,15,30890
2019-04-04T01:37:43.000Z,79.836465,6.970545,15,31010
2019-04-04T01:37:54.000Z,79.836137,6.970828,15,31110
2019-04-04T01:38:04.000Z,79.835833,6.9710800000000015,15,30900
2019-04-04T01:38:13.000Z,79.835552,6.971317999999999,15,31020
2019-04-04T01:38:23.000Z,79.835193,6.971587,15,30830
2019-04-04T01:38:34.000Z,79.83486500000002,6.971825,16,30610
2019-04-04T01:38:43.000Z,79.83457,6.97205,16,30810
2019-04-04T01:39:04.000Z,79.833877,6.9725350000000015,16,30350
2019-04-04T01:39:13.000Z,79.83356500000002,6.972735000000001,16,30310
2019-04-04T01:39:23.000Z,79.833207,6.973012,16,30560
2019-04-04T01:39:34.000Z,79.83287,6.973260000000002,16,30710
2019-04-04T01:39:43.000Z,79.832553,6.9734630000000015,16,30560
2019-04-04T01:39:54.000Z,79.832172,6.973723,16,30450
2019-04-04T01:40:03.000Z,79.83178199999998,6.974,16,30280
2019-04-04T01:40:14.000Z,79.831475,6.974212,16,30230
2019-04-04T01:40:21.000Z,79.831162,6.974398,16,30110
2019-04-04T01:40:27.000Z,79.830978,6.974488000000001,15,29780
2019-04-04T01:40:32.000Z,79.8308,6.974563000000002,15,29520
2019-04-04T01:40:36.000Z,79.83062,6.9746380000000014,15,29560
2019-04-04T01:40:44.000Z,79.830362,6.974705,15,28830
2019-04-04T01:40:50.000Z,79.830093,6.974786999999999,15,28810
2019-04-04T01:40:57.000Z,79.829862,6.974823,15,28060
2019-04-04T01:41:03.000Z,79.829637,6.974855000000002,15,27810
2019-04-04T01:41:11.000Z,79.829335,6.974858,15,27550
2019-04-04T01:41:17.000Z,79.829107,6.9748649999999985,14,27180
2019-04-04T01:41:25.000Z,79.8288,6.974853,15,26960
2019-04-04T01:41:34.000Z,79.828478,6.974798,14,26480
2019-04-04T01:41:44.000Z,79.828113,6.97472,14,26120
2019-04-04T01:41:54.000Z,79.827743,6.974647999999998,14,25930
2019-04-04T01:42:03.000Z,79.82741,6.974563000000002,15,25650
2019-04-04T01:42:13.000Z,79.827035,6.974472,15,25530
2019-04-04T01:42:24.000Z,79.826587,6.9743580000000005,15,25520
2019-04-04T01:42:34.000Z,79.826238,6.974285000000001,15,25630
2019-04-04T01:42:44.000Z,79.825868,6.974193,15,25690
2019-04-04T01:42:54.000Z,79.82547,6.9741300000000015,15,25800
2019-04-04T01:43:03.000Z,79.825138,6.97403,15,25430
2019-04-04T01:43:14.000Z,79.824742,6.9738880000000005,15,25100
2019-04-04T01:43:24.000Z,79.824345,6.973733,15,24900
2019-04-04T01:43:34.000Z,79.824015,6.973598,15,24740
2019-04-04T01:43:44.000Z,79.823652,6.973439999999999,15,24680
2019-04-04T01:43:54.000Z,79.823252,6.973261999999999,15,24620
2019-04-04T01:44:04.000Z,79.82296,6.97313,15,24590
2019-04-04T01:44:14.000Z,79.822562,6.972938,15,24460
2019-04-04T01:44:24.000Z,79.822165,6.972737,16,24300
2019-04-04T01:44:34.000Z,79.82184000000002,6.972569999999998,16,24350
2019-04-04T01:44:45.000Z,79.821467,6.9723880000000005,16,24410
2019-04-04T01:44:54.000Z,79.821075,6.972180000000002,16,24270
2019-04-04T01:45:14.000Z,79.820382,6.9718300000000015,16,24400
2019-04-04T01:45:24.000Z,79.81997199999998,6.9716179999999985,16,24280
2019-04-04T01:45:34.000Z,79.819642,6.971447,16,24260
2019-04-04T01:45:43.000Z,79.819307,6.971292,16,24430
2019-04-04T01:45:54.000Z,79.81886,6.971075,16,24410
2019-04-04T01:46:03.000Z,79.818557,6.970925,16,24360
2019-04-04T01:46:14.000Z,79.818137,6.970732000000001,16,24500
2019-04-04T01:46:24.000Z,79.817717,6.970535000000001,16,24500
2019-04-04T01:46:34.000Z,79.81737199999998,6.970372,16,24460
2019-04-04T01:46:43.000Z,79.81702299999998,6.970213,16,24510
2019-04-04T01:46:54.000Z,79.816568,6.969992,16,24540
2019-04-04T01:47:03.000Z,79.816263,6.969847,16,24510
2019-04-04T01:47:14.000Z,79.815837,6.9696479999999985,16,24490
2019-04-04T01:47:24.000Z,79.81545,6.969467,16,24450
2019-04-04T01:47:34.000Z,79.815065,6.969287,16,24440
2019-04-04T01:47:43.000Z,79.814712,6.969130000000002,16,24540
2019-04-04T01:47:54.000Z,79.81424200000002,6.96891,16,24460
2019-04-04T01:48:03.000Z,79.81393299999998,6.968762,17,24370
2019-04-04T01:48:14.000Z,79.813503,6.96857,16,24550
2019-04-04T01:48:24.000Z,79.813115,6.968387,16,24540
2019-04-04T01:48:34.000Z,79.812732,6.968197,16,24340
2019-04-04T01:48:43.000Z,79.81238,6.9680399999999985,17,24510
2019-04-04T01:48:54.000Z,79.81190500000002,6.967828,16,24600
2019-04-04T01:49:04.000Z,79.811555,6.96766,17,24390
2019-04-04T01:49:14.000Z,79.811165,6.967475,17,24370
2019-04-04T01:49:24.000Z,79.810772,6.9673,17,24550
2019-04-04T01:49:34.000Z,79.810383,6.967110000000001,17,24440
2019-04-04T01:49:43.000Z,79.810028,6.96695,17,24550
2019-04-04T01:49:54.000Z,79.809563,6.9667270000000014,17,24520
2019-04-04T01:50:04.000Z,79.809213,6.966558,17,24460
2019-04-04T01:50:14.000Z,79.80883299999998,6.966367999999999,17,24430
2019-04-04T01:50:24.000Z,79.808442,6.966188000000002,17,24530
2019-04-04T01:50:34.000Z,79.808063,6.965992999999999,17,24360
2019-04-04T01:50:44.000Z,79.807673,6.965813000000002,17,24450
2019-04-04T01:50:54.000Z,79.807243,6.965613,17,24550
2019-04-04T01:51:04.000Z,79.8069,6.965442,17,24360
2019-04-04T01:51:14.000Z,79.80651800000003,6.965252,17,24300
2019-04-04T01:51:25.000Z,79.80609,6.965055,17,24530
2019-04-04T01:51:34.000Z,79.805738,6.96489,17,24560
2019-04-04T01:51:44.000Z,79.805353,6.9646979999999985,17,24340
2019-04-04T01:51:54.000Z,79.804963,6.964517,17,24420
2019-04-04T01:52:04.000Z,79.80457,6.964339999999999,17,24580
2019-04-04T01:52:14.000Z,79.804182,6.964155,17,24470
2019-04-04T01:52:25.000Z,79.803752,6.963958,17,24440
2019-04-04T01:52:34.000Z,79.803397,6.963798,17,24510
2019-04-04T01:52:44.000Z,79.803005,6.963617,17,24550
2019-04-04T01:52:54.000Z,79.802615,6.963430000000002,17,24440
2019-04-04T01:53:04.000Z,79.802223,6.963247999999999,17,24450
2019-04-04T01:53:14.000Z,79.801828,6.963083,17,24640
2019-04-04T01:53:25.000Z,79.80139799999998,6.9628869999999985,17,24560
2019-04-04T01:53:33.000Z,79.801048,6.962717,17,24440
2019-04-04T01:53:44.000Z,79.800658,6.962542,17,24540
2019-04-04T01:53:54.000Z,79.800262,6.962362,17,24560
2019-04-04T01:54:04.000Z,79.79988,6.962157,17,24420
2019-04-04T01:54:14.000Z,79.79949,6.961963000000001,17,24460
2019-04-04T01:54:25.000Z,79.79905699999998,6.961765,17,24550
2019-04-04T01:54:33.000Z,79.798705,6.9616,17,24490
2019-04-04T01:54:43.000Z,79.79836800000002,6.961417999999999,17,24300
2019-04-04T01:54:54.000Z,79.797937,6.961225,17,24410
2019-04-04T01:55:04.000Z,79.797538,6.9610520000000005,17,24420
2019-04-04T01:55:14.000Z,79.797158,6.960868,17,24480
2019-04-04T01:55:33.000Z,79.79637,6.960503,17,24560
2019-04-04T01:55:43.000Z,79.796015,6.960342,17,24520
2019-04-04T01:55:54.000Z,79.795587,6.960137,17,24460
2019-04-04T01:56:04.000Z,79.795198,6.959957000000001,17,24480
2019-04-04T01:56:13.000Z,79.794842,6.959797,17,24610
2019-04-04T01:56:25.000Z,79.794377,6.9595720000000005,17,24400
2019-04-04T01:56:33.000Z,79.794023,6.959414999999999,17,24590
2019-04-04T01:56:43.000Z,79.793675,6.959248,17,24610
2019-04-04T01:56:54.000Z,79.79325,6.95905,17,24420
2019-04-04T01:57:04.000Z,79.79285300000002,6.95887,17,24460
2019-04-04T01:57:13.000Z,79.792498,6.958713,17,24660
2019-04-04T01:57:25.000Z,79.79204200000002,6.958478,17,24450
2019-04-04T01:57:33.000Z,79.791692,6.958310000000001,17,24440
2019-04-04T01:57:43.000Z,79.791332,6.958153,17,24570
2019-04-04T01:57:54.000Z,79.790902,6.9579520000000015,17,24490
2019-04-04T01:58:03.000Z,79.79056,6.957777,17,24380
2019-04-04T01:58:13.000Z,79.790173,6.957595,17,24510
2019-04-04T01:58:26.000Z,79.78970699999998,6.95737,17,24480
2019-04-04T01:58:33.000Z,79.789363,6.957195,17,24350
2019-04-04T01:58:45.000Z,79.788935,6.956992,17,24430
2019-04-04T01:58:54.000Z,79.788585,6.956828,17,24530
2019-04-04T01:59:03.000Z,79.78824,6.956653,17,24370
2019-04-04T01:59:13.000Z,79.78785699999997,6.956460000000001,17,24470
2019-04-04T01:59:24.000Z,79.78743,6.956257000000001,17,24540
2019-04-04T01:59:33.000Z,79.78704499999998,6.9560520000000015,17,24400
2019-04-04T01:59:45.000Z,79.78662800000002,6.955847,17,24350
2019-04-04T01:59:54.000Z,79.78628,6.955685000000001,17,24450
2019-04-04T02:00:03.000Z,79.785938,6.9555050000000005,17,24320
2019-04-04T02:00:13.000Z,79.78555,6.9553080000000005,17,24320
2019-04-04T02:00:24.000Z,79.78513000000002,6.955107000000001,17,24460
2019-04-04T02:00:33.000Z,79.784787,6.954932,17,24330
2019-04-04T02:00:45.000Z,79.784323,6.954703,17,24260
2019-04-04T02:00:55.000Z,79.783973,6.95453,17,24400
2019-04-04T02:01:03.000Z,79.78362800000002,6.954353,17,24380
2019-04-04T02:01:13.000Z,79.783243,6.954173,17,24370
2019-04-04T02:01:24.000Z,79.78281199999998,6.953968,17,24490
2019-04-04T02:01:33.000Z,79.78246700000003,6.953792999999999,17,24400
2019-04-04T02:01:45.000Z,79.781993,6.953562,17,24310
2019-04-04T02:01:53.000Z,79.781637,6.95339,17,24380
2019-04-04T02:02:04.000Z,79.78125,6.953192,17,24340
2019-04-04T02:02:13.000Z,79.78090300000002,6.953011999999998,17,24330
2019-04-04T02:02:24.000Z,79.78048000000003,6.952803,17,24370
2019-04-04T02:02:33.000Z,79.780137,6.952628,17,24380
2019-04-04T02:02:45.000Z,79.77968,6.952397,17,24340
2019-04-04T02:02:53.000Z,79.779327,6.952232,16,24350
2019-04-04T02:03:04.000Z,79.77894,6.952045,17,24360
2019-04-04T02:03:13.000Z,79.778595,6.951882,16,24420
2019-04-04T02:03:24.000Z,79.778173,6.9516800000000005,17,24570
2019-04-04T02:03:33.000Z,79.77783000000002,6.951515,17,24530
2019-04-04T02:03:45.000Z,79.777372,6.951288000000001,17,24510
2019-04-04T02:03:53.000Z,79.777025,6.951123,17,24550
2019-04-04T02:04:04.000Z,79.776638,6.950942,17,24480
2019-04-04T02:04:14.000Z,79.776285,6.950778,17,24350
2019-04-04T02:04:33.000Z,79.775512,6.950413,17,24360
2019-04-04T02:04:43.000Z,79.775132,6.950212,16,24230
2019-04-04T02:04:53.000Z,79.77470699999998,6.949997,16,24380
2019-04-04T02:05:04.000Z,79.774327,6.949798,17,24330
2019-04-04T02:05:13.000Z,79.773978,6.949628,17,24260
2019-04-04T02:05:24.000Z,79.77355,6.949425,17,24460
2019-04-04T02:05:33.000Z,79.773207,6.949253,17,24410
2019-04-04T02:05:43.000Z,79.77282199999998,6.949057000000002,17,24220
2019-04-04T02:05:53.000Z,79.772405,6.948860000000002,16,24360
2019-04-04T02:06:04.000Z,79.77200699999999,6.94866,17,24420
2019-04-04T02:06:13.000Z,79.771658,6.948497,17,24290
2019-04-04T02:06:24.000Z,79.771237,6.948302,16,24480
2019-04-04T02:06:33.000Z,79.770878,6.948136999999999,16,24540
2019-04-04T02:06:43.000Z,79.77049699999998,6.947960000000001,16,24390
2019-04-04T02:06:53.000Z,79.770072,6.947767999999999,16,24530
2019-04-04T02:07:04.000Z,79.76969,6.947585000000001,17,24610
2019-04-04T02:07:13.000Z,79.769347,6.947415,17,24540
2019-04-04T02:07:25.000Z,79.768878,6.9472070000000015,16,24570
2019-04-04T02:07:33.000Z,79.76857,6.947063000000001,16,24460
2019-04-04T02:07:43.000Z,79.76819,6.946860000000001,16,24210
2019-04-04T02:07:53.000Z,79.76778,6.94663,16,24200
2019-04-04T02:08:04.000Z,79.76740500000002,6.946442,16,24380
2019-04-04T02:08:13.000Z,79.767073,6.946262,16,24280
2019-04-04T02:08:25.000Z,79.766627,6.946028,16,24250
2019-04-04T02:08:35.000Z,79.766245,6.9458470000000005,16,24360
2019-04-04T02:08:43.000Z,79.765957,6.945683,17,24160
2019-04-04T02:08:53.000Z,79.765578,6.9454970000000005,16,24130
2019-04-04T02:09:04.000Z,79.765152,6.9452729999999985,16,24220
2019-04-04T02:09:13.000Z,79.76482,6.945086999999999,16,24040
2019-04-04T02:09:25.000Z,79.76437299999998,6.944833,16,24100
2019-04-04T02:09:35.000Z,79.763993,6.944638,16,24180
2019-04-04T02:09:43.000Z,79.763698,6.944482000000002,16,24160
2019-04-04T02:09:54.000Z,79.763283,6.944261999999998,16,24300
2019-04-04T02:10:13.000Z,79.762578,6.94387,16,24170
2019-04-04T02:10:04.000Z,79.762907,6.94406,17,24330
2019-04-04T02:10:25.000Z,79.762123,6.943645,16,24240
2019-04-04T02:10:35.000Z,79.761742,6.9434520000000015,17,24380
2019-04-04T02:10:43.000Z,79.761443,6.943283,16,24090
2019-04-04T02:10:54.000Z,79.761037,6.943060000000001,16,24200
2019-04-04T02:11:04.000Z,79.76065799999998,6.942862,16,24130
2019-04-04T02:11:13.000Z,79.76032,6.9426630000000005,16,23980
2019-04-04T02:11:25.000Z,79.759875,6.942415,16,24240
2019-04-04T02:11:35.000Z,79.75950300000002,6.942205,16,24230
2019-04-04T02:11:43.000Z,79.759218,6.942025,16,23880
2019-04-04T02:11:54.000Z,79.75880699999998,6.941807000000002,16,24010
2019-04-04T02:12:04.000Z,79.758432,6.941603,16,24180
2019-04-04T02:12:13.000Z,79.758105,6.941408,16,24010
2019-04-04T02:12:25.000Z,79.757665,6.941155,16,24040
2019-04-04T02:12:33.000Z,79.75737,6.940987,16,24150
2019-04-04T02:12:44.000Z,79.75699,6.940788,16,24030
2019-04-04T02:12:54.000Z,79.75657700000002,6.94057,16,23990
2019-04-04T02:13:03.000Z,79.756217,6.9403630000000005,16,24120
2019-04-04T02:13:13.000Z,79.755903,6.940163,16,23900
2019-04-04T02:13:23.000Z,79.75555200000002,6.9399380000000015,16,23650
2019-04-04T02:13:33.000Z,79.755178,6.939722,16,23840
2019-04-04T02:13:43.000Z,79.754835,6.939482000000001,16,23780
2019-04-04T02:13:54.000Z,79.754447,6.939210000000001,16,23560
2019-04-04T02:14:03.000Z,79.754082,6.93899,16,23720
2019-04-04T02:14:14.000Z,79.75376,6.938789999999999,16,23730
2019-04-04T02:14:23.000Z,79.753403,6.938563,16,23610
2019-04-04T02:14:33.000Z,79.753047,6.938338000000001,16,23650
2019-04-04T02:14:43.000Z,79.752688,6.9381119999999985,16,23750
2019-04-04T02:14:54.000Z,79.752315,6.937833,16,23660
2019-04-04T02:15:03.000Z,79.751958,6.9376050000000005,16,23700
2019-04-04T02:15:13.000Z,79.75165,6.937398,16,23670
2019-04-04T02:15:24.000Z,79.7513,6.9371649999999985,16,23650
2019-04-04T02:15:43.000Z,79.75059,6.936683,16,23640
2019-04-04T02:15:53.000Z,79.75025,6.936443,16,23600
2019-04-04T02:16:14.000Z,79.749527,6.935942999999999,16,23450
2019-04-04T02:16:23.000Z,79.749205,6.935733,16,23580
2019-04-04T02:16:34.000Z,79.748827,6.935472,16,23650
2019-04-04T02:16:43.000Z,79.748502,6.93526,16,23460
2019-04-04T02:16:53.000Z,79.748147,6.935022,16,23530
2019-04-04T02:17:04.000Z,79.74776800000002,6.934755,16,23680
2019-04-04T02:17:14.000Z,79.747428,6.9345050000000015,16,23530
2019-04-04T02:17:23.000Z,79.747107,6.934292,16,23470
2019-04-04T02:17:34.000Z,79.74672,6.934032000000001,16,23630
2019-04-04T02:17:44.000Z,79.74637299999998,6.933785,16,23620
2019-04-04T02:17:53.000Z,79.746065,6.93358,16,23580
2019-04-04T02:18:03.000Z,79.745665,6.933327,16,23730
2019-04-04T02:18:14.000Z,79.745313,6.933087,16,23580
2019-04-04T02:18:24.000Z,79.744937,6.932828,16,23510
2019-04-04T02:18:34.000Z,79.744608,6.932617,16,23600
2019-04-04T02:18:44.000Z,79.744258,6.932378,16,23570
2019-04-04T02:18:53.000Z,79.743937,6.932167999999999,16,23520
2019-04-04T02:19:03.000Z,79.743548,6.931908,16,23620
2019-04-04T02:19:14.000Z,79.743197,6.931673,16,23650
2019-04-04T02:19:24.000Z,79.742817,6.9314100000000005,16,23520
2019-04-04T02:19:34.000Z,79.74250699999997,6.931192,16,23430
2019-04-04T02:19:44.000Z,79.74216700000002,6.93095,16,23530
2019-04-04T02:19:53.000Z,79.74184699999998,6.930735,16,23640
2019-04-04T02:20:04.000Z,79.741462,6.9304570000000005,16,23510
2019-04-04T02:20:14.000Z,79.741113,6.930217,16,23520
2019-04-04T02:20:24.000Z,79.74073299999998,6.929952,16,23690
2019-04-04T02:20:34.000Z,79.74043,6.9297580000000005,16,23700
2019-04-04T02:20:44.000Z,79.74006700000002,6.929562,16,23840
2019-04-04T02:20:53.000Z,79.739743,6.929365,16,23790
2019-04-04T02:21:04.000Z,79.739355,6.929127,16,23870
2019-04-04T02:21:14.000Z,79.73899300000002,6.928883,16,23820
2019-04-04T02:21:24.000Z,79.73861,6.928638,16,23720
2019-04-04T02:21:34.000Z,79.738288,6.928447,16,23790
2019-04-04T02:21:44.000Z,79.73790699999998,6.928228,16,23810
2019-04-04T02:21:53.000Z,79.737578,6.928025,16,23650
2019-04-04T02:22:04.000Z,79.737193,6.927764999999999,16,23690
2019-04-04T02:22:14.000Z,79.736835,6.927532000000001,16,23670
2019-04-04T02:22:24.000Z,79.736458,6.927282000000001,16,23600
2019-04-04T02:22:34.000Z,79.736145,6.927085000000001,16,23710
2019-04-04T02:22:44.000Z,79.735792,6.926848,16,23830
2019-04-04T02:22:53.000Z,79.735447,6.926633,16,23680
2019-04-04T02:23:04.000Z,79.735098,6.9263949999999985,16,23700
2019-04-04T02:23:13.000Z,79.734762,6.926189999999999,16,23860
2019-04-04T02:23:24.000Z,79.73432,6.925928,16,23880
2019-04-04T02:23:44.000Z,79.733613,6.92553,16,24250
2019-04-04T02:23:53.000Z,79.733232,6.925332000000001,16,24310
2019-04-04T02:24:04.000Z,79.732845,6.925135000000001,16,24310
2019-04-04T02:24:13.000Z,79.7325,6.92497,16,24280
2019-04-04T02:24:24.000Z,79.732038,6.92475,16,24250
2019-04-04T02:24:35.000Z,79.731667,6.924542,16,24280
2019-04-04T02:24:44.000Z,79.731317,6.9243869999999985,16,24420
2019-04-04T02:24:53.000Z,79.730932,6.924202,17,24430
2019-04-04T02:25:04.000Z,79.730533,6.924013,16,24430
2019-04-04T02:25:13.000Z,79.73018499999998,6.92386,16,24590
2019-04-04T02:25:24.000Z,79.729718,6.923647,16,24520
2019-04-04T02:25:34.000Z,79.729325,6.923464999999998,16,24530
2019-04-04T02:25:44.000Z,79.728972,6.923323,17,24700
2019-04-04T02:25:53.000Z,79.728595,6.923158,17,24760
2019-04-04T02:26:04.000Z,79.72820300000002,6.923005,17,24850
2019-04-04T02:26:13.000Z,79.72784,6.92288,17,25110
2019-04-04T02:26:25.000Z,79.727367,6.922718,17,25240
2019-04-04T02:26:34.000Z,79.726957,6.922573,17,25120
2019-04-04T02:26:44.000Z,79.726587,6.9224570000000005,17,24980
2019-04-04T02:26:54.000Z,79.726187,6.922333,17,25090
2019-04-04T02:27:04.000Z,79.725822,6.922202,17,25070
2019-04-04T02:27:13.000Z,79.725425,6.922055,17,25060
2019-04-04T02:27:24.000Z,79.724915,6.921917,17,25210
2019-04-04T02:27:34.000Z,79.72450699999997,6.921785000000002,17,25190
2019-04-04T02:27:44.000Z,79.724147,6.921652000000001,17,25090
2019-04-04T02:27:54.000Z,79.723688,6.921502,17,25100
2019-04-04T02:28:03.000Z,79.72335799999998,6.921382,17,25040
2019-04-04T02:28:14.000Z,79.722918,6.921217,16,25000
2019-04-04T02:28:24.000Z,79.722453,6.92108,17,25060
2019-04-04T02:28:34.000Z,79.722093,6.9209429999999985,17,24970
2019-04-04T02:28:44.000Z,79.721692,6.920785,17,25030
2019-04-04T02:28:54.000Z,79.721238,6.920638,17,25090
2019-04-04T02:29:03.000Z,79.72091999999998,6.92052,17,24960
2019-04-04T02:29:13.000Z,79.72049200000002,6.92034,17,24960
2019-04-04T02:29:25.000Z,79.720042,6.920183,17,25090
2019-04-04T02:29:34.000Z,79.719687,6.920045,17,25130
2019-04-04T02:29:44.000Z,79.71929300000002,6.9199,17,25210
2019-04-04T02:29:55.000Z,79.718852,6.919762,17,25190
2019-04-04T02:30:03.000Z,79.71854,6.919637,17,25070
2019-04-04T02:30:14.000Z,79.71807199999998,6.919492,17,25130
2019-04-04T02:30:24.000Z,79.71765,6.9193419999999985,17,25200
2019-04-04T02:30:34.000Z,79.717235,6.919215,17,25200
2019-04-04T02:30:44.000Z,79.716827,6.919095,17,25300
2019-04-04T02:30:54.000Z,79.71638,6.918922,17,25160
2019-04-04T02:31:03.000Z,79.71605500000003,6.9187949999999985,17,24990
2019-04-04T02:31:14.000Z,79.715602,6.91865,17,25180
2019-04-04T02:31:24.000Z,79.715195,6.918518,17,25130
2019-04-04T02:31:34.000Z,79.714788,6.918392,17,25070
2019-04-04T02:31:44.000Z,79.714377,6.918247999999998,17,25160
2019-04-04T02:31:54.000Z,79.713927,6.9181,17,25300
2019-04-04T02:32:03.000Z,79.713593,6.917983,17,25140
2019-04-04T02:32:14.000Z,79.71316,6.91782,17,24960
2019-04-04T02:32:24.000Z,79.712753,6.917680000000002,17,25020
2019-04-04T02:32:34.000Z,79.71235,6.9175369999999985,17,25030
2019-04-04T02:32:44.000Z,79.71199,6.91741,17,25060
2019-04-04T02:32:54.000Z,79.711502,6.917233,17,25170
2019-04-04T02:33:03.000Z,79.71114200000002,6.9171070000000014,17,25130
2019-04-04T02:33:14.000Z,79.71073,6.916962,17,25150
2019-04-04T02:33:24.000Z,79.71032199999998,6.916823,17,25190
2019-04-04T02:33:34.000Z,79.709917,6.9166919999999985,17,25200
2019-04-04T02:33:43.000Z,79.70955699999998,6.916562,17,25070
2019-04-04T02:33:54.000Z,79.70909499999998,6.916423,17,25110
2019-04-04T02:34:03.000Z,79.70867700000002,6.9162880000000015,17,25170
2019-04-04T02:34:14.000Z,79.708228,6.916136999999999,16,25080
2019-04-04T02:34:23.000Z,79.70790500000003,6.9160080000000015,17,24970
2019-04-04T02:34:33.000Z,79.707497,6.915882000000001,17,25210
2019-04-04T02:34:43.000Z,79.707088,6.915736999999999,17,25350
2019-04-04T02:34:54.000Z,79.706648,6.915577000000001,17,25080
2019-04-04T02:35:03.000Z,79.706242,6.915428,17,25040
2019-04-04T02:35:14.000Z,79.705828,6.9153020000000005,17,25350
2019-04-04T02:35:33.000Z,79.705023,6.915025,16,24910
2019-04-04T02:35:24.000Z,79.705467,6.91518,17,25080
2019-04-04T02:35:43.000Z,79.70464799999998,6.914915,17,25140
2019-04-04T02:35:54.000Z,79.704212,6.914755,16,25140
2019-04-04T02:36:03.000Z,79.703808,6.914607000000001,17,24950
2019-04-04T02:36:33.000Z,79.702625,6.914207000000001,17,24970
2019-04-04T02:36:44.000Z,79.702177,6.914062,17,25050
2019-04-04T02:36:54.000Z,79.701768,6.913928,17,25190
2019-04-04T02:37:03.000Z,79.70140500000002,6.913795,17,25100
2019-04-04T02:37:16.000Z,79.700963,6.9136380000000015,17,25000
2019-04-04T02:37:33.000Z,79.700175,6.913386999999998,17,25120
2019-04-04T02:37:44.000Z,79.699748,6.913235,16,25020
2019-04-04T02:37:54.000Z,79.699353,6.913078,17,25200
2019-04-04T02:38:03.000Z,79.698983,6.912947999999999,17,25180
2019-04-04T02:38:14.000Z,79.698532,6.912783,17,25030
2019-04-04T02:39:04.000Z,79.696478,6.9121380000000014,17,25160
2019-04-04T02:39:14.000Z,79.696057,6.912012,17,25160
2019-04-04T02:39:44.000Z,79.694813,6.911612,17,25040
2019-04-04T02:39:53.000Z,79.694412,6.911497,17,25220
2019-04-04T02:40:04.000Z,79.693985,6.911372999999998,17,25260
2019-04-04T02:40:14.000Z,79.69358199999998,6.911227,17,25030
2019-04-04T02:40:33.000Z,79.692808,6.910972,17,25280
2019-04-04T02:40:53.000Z,79.69194499999998,6.910685000000001,17,25100
2019-04-04T02:41:23.000Z,79.69074,6.910345,17,25220
2019-04-04T02:41:33.000Z,79.690283,6.910203,17,25280
2019-04-04T02:41:43.000Z,79.689885,6.910062,17,25180
2019-04-04T02:41:53.000Z,79.689487,6.909922999999999,17,25210
2019-04-04T02:42:04.000Z,79.689073,6.909792,17,25220
2019-04-04T02:42:14.000Z,79.688687,6.90964,17,25070
2019-04-04T02:42:23.000Z,79.688317,6.909505,17,24960
2019-04-04T02:42:33.000Z,79.68786800000002,6.909352,17,25150
2019-04-04T02:42:53.000Z,79.68703199999999,6.909105,17,25110
2019-04-04T02:43:04.000Z,79.68663000000002,6.9089550000000015,17,25050
2019-04-04T02:43:14.000Z,79.68621999999998,6.908822,17,25190
2019-04-04T02:43:23.000Z,79.68584200000002,6.9087130000000005,17,25190
2019-04-04T02:43:33.000Z,79.685395,6.908567999999999,17,25150
2019-04-04T02:43:43.000Z,79.684967,6.908442,17,25130
2019-04-04T02:43:53.000Z,79.68460999999998,6.908293,17,25120
2019-04-04T02:44:04.000Z,79.68418199999998,6.908111999999999,17,25100
2019-04-04T02:44:14.000Z,79.683778,6.9079929999999985,17,25260
2019-04-04T02:44:23.000Z,79.683412,6.90787,17,25250
2019-04-04T02:44:33.000Z,79.68296,6.9077199999999985,17,25100
2019-04-04T02:44:43.000Z,79.68254499999998,6.907583,17,25100
2019-04-04T02:44:53.000Z,79.682172,6.90747,17,25250
2019-04-04T02:45:14.000Z,79.681302,6.907197,17,25080
2019-04-04T02:45:23.000Z,79.68089,6.9070649999999985,17,25050
2019-04-04T02:45:33.000Z,79.680488,6.906925,17,25110
2019-04-04T02:45:44.000Z,79.680077,6.906795,17,25120
2019-04-04T02:45:53.000Z,79.679705,6.9066800000000015,17,25280
2019-04-04T02:46:05.000Z,79.679252,6.90654,17,25250
2019-04-04T02:46:14.000Z,79.678832,6.9063979999999985,17,25080
2019-04-04T02:46:23.000Z,79.678422,6.9062600000000005,17,25180
2019-04-04T02:46:34.000Z,79.678055,6.906125,17,25320
2019-04-04T02:46:43.000Z,79.67761,6.905964999999999,17,25070
2019-04-04T02:47:53.000Z,79.67475300000002,6.905052,17,25160
2019-04-04T02:48:04.000Z,79.674293,6.90492,17,25180
2019-04-04T02:48:13.000Z,79.673925,6.904798,17,25230
2019-04-04T02:48:23.000Z,79.67348299999998,6.90464,17,25060
2019-04-04T02:49:13.000Z,79.671482,6.904002,17,25200
2019-04-04T02:49:24.000Z,79.671027,6.90383,17,25070
2019-04-04T02:49:33.000Z,79.670665,6.903718,17,25170
2019-04-04T02:49:43.000Z,79.67025,6.903595,17,25280
2019-04-04T02:49:53.000Z,79.669837,6.90345,17,25120
2019-04-04T02:50:04.000Z,79.66938499999998,6.903288000000001,17,25040
2019-04-04T02:50:13.000Z,79.66901800000002,6.903155,17,25120
2019-04-04T02:50:23.000Z,79.668575,6.902987,17,25210
2019-04-04T02:50:34.000Z,79.668205,6.902862,17,25130
2019-04-04T02:50:43.000Z,79.667795,6.902728,17,25140
2019-04-04T02:50:54.000Z,79.66734699999998,6.902595,17,25280
2019-04-04T02:51:04.000Z,79.666938,6.902448,17,25150
2019-04-04T02:51:14.000Z,79.666495,6.9022830000000015,16,25080
2019-04-04T02:51:24.000Z,79.666125,6.902187,17,25250
2019-04-04T02:51:35.000Z,79.665717,6.9020470000000005,17,25200
2019-04-04T02:51:43.000Z,79.66535999999998,6.901910000000001,17,25120
2019-04-04T02:51:54.000Z,79.66490999999998,6.901767,17,25220
2019-04-04T02:52:04.000Z,79.664505,6.901628,17,25200
2019-04-04T02:52:14.000Z,79.66405999999998,6.90147,17,25120
2019-04-04T02:52:34.000Z,79.663287,6.901213,17,25230
2019-04-04T02:53:04.000Z,79.66206700000002,6.90082,17,25120
2019-04-04T02:53:43.000Z,79.660472,6.900285,17,25070
2019-04-04T02:53:54.000Z,79.66001700000002,6.900138,16,25130
2019-04-04T02:54:24.000Z,79.65878199999999,6.8997350000000015,17,25160
2019-04-04T02:54:34.000Z,79.65836999999998,6.899603,17,25160
2019-04-04T02:54:43.000Z,79.658005,6.899485,17,25210
2019-04-04T02:55:43.000Z,79.65557700000002,6.89867,17,25030
2019-04-04T02:55:54.000Z,79.65516,6.89852,17,25120
2019-04-04T02:56:04.000Z,79.65475,6.898383,17,25160
2019-04-04T02:56:14.000Z,79.65430500000002,6.898232000000001,16,25140
2019-04-04T02:56:24.000Z,79.653933,6.898117,16,25120
2019-04-04T02:56:33.000Z,79.653565,6.898003,17,25170
2019-04-04T02:56:43.000Z,79.653157,6.897867999999999,16,25090
2019-04-04T02:56:55.000Z,79.65266700000002,6.8977070000000005,17,25050
2019-04-04T02:57:04.000Z,79.652307,6.897582000000001,16,25000
2019-04-04T02:57:14.000Z,79.651848,6.897413,16,25170
2019-04-04T02:57:25.000Z,79.65146999999997,6.897268,17,25030
2019-04-04T02:57:34.000Z,79.651113,6.897148,16,24960
2019-04-04T02:57:44.000Z,79.650723,6.897003,17,25070
2019-04-04T02:57:55.000Z,79.650247,6.896845,17,25210
2019-04-04T02:58:04.000Z,79.64988699999998,6.896715,17,25070
2019-04-04T02:58:14.000Z,79.64944200000002,6.8965679999999985,17,25140
2019-04-04T02:58:24.000Z,79.64908199999998,6.896442,16,25060
2019-04-04T02:58:33.000Z,79.648718,6.896308,16,25040
2019-04-04T02:58:43.000Z,79.64832,6.896172,16,25090
2019-04-04T02:59:04.000Z,79.647472,6.895882,16,25080
2019-04-04T02:59:15.000Z,79.64702700000002,6.895727000000001,16,25090
2019-04-04T02:59:25.000Z,79.64666700000002,6.895598,16,25040
2019-04-04T02:59:33.000Z,79.646305,6.89549,16,25170
2019-04-04T02:59:43.000Z,79.645907,6.895358,17,25340
2019-04-04T02:59:55.000Z,79.645412,6.895187,16,25360
2019-04-04T03:00:04.000Z,79.64504699999998,6.895065,16,25240
2019-04-04T03:00:16.000Z,79.6446,6.894932000000002,16,25200
2019-04-04T03:00:24.000Z,79.64423199999997,6.8948220000000005,16,25250
2019-04-04T03:00:34.000Z,79.643825,6.894698,17,25420
2019-04-04T03:00:55.000Z,79.64298199999998,6.894411999999999,16,25090
2019-04-04T03:01:04.000Z,79.64260999999998,6.894288,17,25400
2019-04-04T03:01:15.000Z,79.642167,6.894135,16,25260
2019-04-04T03:01:24.000Z,79.641798,6.894037,16,25250
2019-04-04T03:01:55.000Z,79.640553,6.8936,16,24980
2019-04-04T03:02:04.000Z,79.64019300000002,6.893492,16,25170
2019-04-04T03:02:15.000Z,79.639752,6.893335,16,25140
2019-04-04T03:02:34.000Z,79.638977,6.8930729999999985,16,25140
2019-04-04T03:02:43.000Z,79.63861,6.892967,16,25200
2019-04-04T03:02:55.000Z,79.63811700000002,6.892797,16,25140
2019-04-04T03:03:15.000Z,79.63731700000002,6.892545,16,25150
2019-04-04T03:03:24.000Z,79.636955,6.89242,16,25160
2019-04-04T03:03:34.000Z,79.636555,6.892277,16,25100
2019-04-04T03:03:43.000Z,79.63619,6.892144999999998,16,25160
2019-04-04T03:04:03.000Z,79.635348,6.89186,16,25240
2019-04-04T03:03:55.000Z,79.635702,6.8919820000000005,17,25320
2019-04-04T03:04:15.000Z,79.634907,6.891715,16,25220
2019-04-04T03:04:24.000Z,79.63454300000002,6.891603,16,25270
2019-04-04T03:04:34.000Z,79.63414,6.8914800000000005,16,25370
2019-04-04T03:04:43.000Z,79.63378,6.891352,17,25310
2019-04-04T03:04:55.000Z,79.633297,6.891205,16,25170
2019-04-04T03:05:03.000Z,79.63293,6.891098,16,25310
2019-04-04T03:05:15.000Z,79.632488,6.890957000000001,16,25290
2019-04-04T03:05:24.000Z,79.63213,6.890833,16,25170
2019-04-04T03:05:34.000Z,79.631723,6.89071,16,25290
2019-04-04T03:05:55.000Z,79.630877,6.890445,16,25240
2019-04-04T03:06:03.000Z,79.63051,6.890337,16,25210
2019-04-04T03:06:14.000Z,79.630093,6.890211999999999,16,25390
2019-04-04T03:06:24.000Z,79.629685,6.890037,16,25150
2019-04-04T03:06:34.000Z,79.629238,6.889917999999999,16,25100
2019-04-04T03:06:43.000Z,79.628915,6.889825,16,25320
2019-04-04T03:06:53.000Z,79.628517,6.889695,16,25210
2019-04-04T03:07:03.000Z,79.628077,6.88956,16,25080
2019-04-04T03:07:14.000Z,79.62768299999998,6.889436999999999,16,25220
2019-04-04T03:07:25.000Z,79.627278,6.8893070000000005,16,25290
2019-04-04T03:07:34.000Z,79.62684,6.889162,16,25110
2019-04-04T03:07:43.000Z,79.626518,6.8890600000000015,16,25220
2019-04-04T03:07:53.000Z,79.626122,6.888927000000002,16,25100
2019-04-04T03:08:03.000Z,79.625682,6.888778,16,25010
2019-04-04T03:08:14.000Z,79.62527800000002,6.888658,16,25230
2019-04-04T03:08:53.000Z,79.6237,6.88815,16,25250
2019-04-04T03:09:03.000Z,79.623262,6.887992999999999,16,25040
2019-04-04T03:09:15.000Z,79.622862,6.8878580000000005,16,25040
2019-04-04T03:09:24.000Z,79.62246,6.88771,16,25130
2019-04-04T03:09:43.000Z,79.621707,6.887442,16,25130
2019-04-04T03:09:53.000Z,79.6213,6.887289999999999,16,25160
2019-04-04T03:10:03.000Z,79.62087,6.887157000000001,16,25140
2019-04-04T03:10:14.000Z,79.62047199999998,6.887033,16,25180
2019-04-04T03:10:24.000Z,79.620063,6.886907000000001,16,25240
2019-04-04T03:10:34.000Z,79.619613,6.8867600000000015,16,25170
2019-04-04T03:10:43.000Z,79.619283,6.8866520000000016,16,25190
2019-04-04T03:10:54.000Z,79.618883,6.886528,16,25140
2019-04-04T03:11:04.000Z,79.618443,6.886386999999999,16,25160
2019-04-04T03:11:43.000Z,79.616885,6.885883,16,25190
2019-04-04T03:11:53.000Z,79.616493,6.885743,16,25130
2019-04-04T03:12:03.000Z,79.61609,6.885610000000002,16,25150
2019-04-04T03:13:03.000Z,79.61367,6.88482,16,25270
2019-04-04T03:13:14.000Z,79.613227,6.884677000000001,16,25310
2019-04-04T03:13:24.000Z,79.612813,6.8845399999999985,16,25310
2019-04-04T03:14:03.000Z,79.611242,6.884032,16,25150
2019-04-04T03:14:14.000Z,79.610805,6.883873,16,24930
2019-04-04T03:14:24.000Z,79.610412,6.883733,16,24890
2019-04-04T03:15:03.000Z,79.608878,6.883155,16,24850
2019-04-04T03:15:14.000Z,79.60844200000003,6.882983,16,24820
2019-04-04T03:15:24.000Z,79.608058,6.8828320000000005,16,24860
2019-04-04T03:15:54.000Z,79.60686199999998,6.882339999999999,16,24880
2019-04-04T03:16:03.000Z,79.606545,6.882215,16,24800
2019-04-04T03:16:55.000Z,79.604507,6.881407,16,24820
2019-04-04T03:17:43.000Z,79.602562,6.880617999999999,16,24830
2019-04-04T03:17:55.000Z,79.60214,6.880437,16,24760
2019-04-04T03:18:03.000Z,79.601827,6.880307000000001,16,24710
2019-04-04T03:18:15.000Z,79.60136,6.8801130000000015,16,24710
2019-04-04T03:18:24.000Z,79.601015,6.879963,16,24640
2019-04-04T03:18:55.000Z,79.599797,6.879467999999999,16,24770
2019-04-04T03:19:03.000Z,79.599485,6.87933,16,24640
2019-04-04T03:19:15.000Z,79.599003,6.87913,16,24730
2019-04-04T03:19:26.000Z,79.59864499999998,6.87898,17,24760
2019-04-04T03:19:55.000Z,79.597443,6.878463000000001,17,24680
2019-04-04T03:20:04.000Z,79.597092,6.878311999999998,16,24720
2019-04-04T03:20:15.000Z,79.59666,6.878127,17,24800
2019-04-04T03:20:24.000Z,79.596305,6.877986999999999,17,24790
2019-04-04T03:20:35.000Z,79.59586999999998,6.877808,17,24830
2019-04-04T03:20:43.000Z,79.59551,6.877662,17,24780
2019-04-04T03:20:55.000Z,79.595063,6.8774880000000005,17,24870
2019-04-04T03:21:04.000Z,79.594702,6.877352,17,24930
2019-04-04T03:21:15.000Z,79.594262,6.877175,17,24940
2019-04-04T03:21:24.000Z,79.593903,6.8770229999999986,17,24800
2019-04-04T03:21:34.000Z,79.59350699999997,6.876858,17,24760
2019-04-04T03:21:44.000Z,79.593112,6.876692,17,24830
2019-04-04T03:21:55.000Z,79.592667,6.876523,17,24820
2019-04-04T03:22:04.000Z,79.59231199999998,6.876372999999999,17,24860
2019-04-04T03:22:15.000Z,79.59189,6.876172,17,24770
2019-04-04T03:22:24.000Z,79.591535,6.876036999999998,17,24830
2019-04-04T03:22:44.000Z,79.590737,6.875717,17,24830
2019-04-04T03:22:54.000Z,79.590342,6.875547999999998,17,24860
2019-04-04T03:23:15.000Z,79.58949799999998,6.87522,17,24930
2019-04-04T03:23:34.000Z,79.588747,6.874903,17,24770
2019-04-04T03:23:44.000Z,79.58834499999998,6.874735,16,24740
2019-04-04T03:23:54.000Z,79.587942,6.874560000000002,17,24710
2019-04-04T03:24:05.000Z,79.58754300000003,6.8743979999999985,17,24570
2019-04-04T03:24:24.000Z,79.58675699999998,6.874047999999998,17,24640
2019-04-04T03:24:34.000Z,79.586365,6.8738800000000015,17,24710
2019-04-04T03:24:44.000Z,79.585977,6.8737,17,24630
2019-04-04T03:24:54.000Z,79.585573,6.873543,17,24560
2019-04-04T03:25:04.000Z,79.585188,6.873365,17,24700
2019-04-04T03:25:14.000Z,79.58475200000002,6.873192,17,24790
2019-04-04T03:25:24.000Z,79.584405,6.873035000000002,17,24770
2019-04-04T03:25:34.000Z,79.584012,6.872878,17,24790
2019-04-04T03:25:44.000Z,79.58361,6.872708,17,24810
2019-04-04T03:25:54.000Z,79.583208,6.872539999999999,16,24770
2019-04-04T03:26:04.000Z,79.58280500000002,6.872375,17,24860
2019-04-04T03:26:24.000Z,79.58201700000002,6.872032000000001,16,24590
2019-04-04T03:26:34.000Z,79.581623,6.871872,17,24740
2019-04-04T03:26:44.000Z,79.581227,6.871718,16,24730
2019-04-04T03:26:54.000Z,79.580835,6.871557000000001,17,24690
2019-04-04T03:27:04.000Z,79.580445,6.871389999999999,16,24680
2019-04-04T03:27:14.000Z,79.580013,6.8712,16,24740
2019-04-04T03:27:34.000Z,79.57925999999998,6.870888000000001,16,24660
2019-04-04T03:27:44.000Z,79.578873,6.870713,17,24640
2019-04-04T03:27:54.000Z,79.578477,6.87056,16,24760
2019-04-04T03:28:04.000Z,79.57808299999998,6.870392999999999,17,24750
2019-04-04T03:28:14.000Z,79.577687,6.870225,16,24620
2019-04-04T03:28:24.000Z,79.57728,6.8700600000000005,16,24710
2019-04-04T03:28:34.000Z,79.57687299999998,6.869907,16,24660
2019-04-04T03:28:45.000Z,79.576433,6.869717,16,24650
2019-04-04T03:28:54.000Z,79.576025,6.8695580000000005,17,24740
2019-04-04T03:29:04.000Z,79.575678,6.869408,16,24750
2019-04-04T03:29:14.000Z,79.57530200000002,6.869227,16,24690
2019-04-04T03:29:24.000Z,79.57491,6.869072,16,24690
2019-04-04T03:29:34.000Z,79.57451800000003,6.868902,16,24610
2019-04-04T03:29:54.000Z,79.573688,6.8685649999999985,16,24810
2019-04-04T03:30:14.000Z,79.572942,6.868242,16,24600
2019-04-04T03:30:25.000Z,79.572515,6.8680520000000005,17,24740
2019-04-04T03:30:34.000Z,79.57216700000002,6.8678919999999986,17,24730
2019-04-04T03:30:45.000Z,79.571737,6.867708,17,24650
2019-04-04T03:30:54.000Z,79.571333,6.867558,17,24760
2019-04-04T03:31:04.000Z,79.57098,6.8674050000000015,17,24650
2019-04-04T03:31:14.000Z,79.57059,6.867238,17,24600
2019-04-04T03:31:24.000Z,79.570155,6.867062,17,24680
2019-04-04T03:31:34.000Z,79.569802,6.86692,17,24820
2019-04-04T03:31:45.000Z,79.569365,6.866738000000002,17,24810
2019-04-04T03:31:54.000Z,79.568973,6.866567,17,24760
2019-04-04T03:33:03.000Z,79.56629000000002,6.865398,17,24540
2019-04-04T03:33:15.000Z,79.56581800000002,6.865195,17,24570
2019-04-04T03:34:25.000Z,79.56304499999997,6.86402,17,24770
2019-04-04T03:34:34.000Z,79.56269499999998,6.863857,17,24520
2019-04-04T03:35:15.000Z,79.56107800000002,6.863157000000001,17,24490
2019-04-04T03:35:25.000Z,79.560683,6.8629880000000005,17,24520
2019-04-04T03:35:35.000Z,79.560292,6.862822,16,24620
2019-04-04T03:35:43.000Z,79.55996800000001,6.862695,17,24860
2019-04-04T03:35:54.000Z,79.559493,6.862495,17,24660
2019-04-04T03:36:15.000Z,79.558688,6.862164999999999,17,24810
2019-04-04T03:36:25.000Z,79.558298,6.86199,17,24670
2019-04-04T03:36:35.000Z,79.55791500000002,6.861825,17,24600
2019-04-04T03:37:35.000Z,79.555572,6.860785000000001,17,24510
2019-04-04T03:37:53.000Z,79.554845,6.860438,17,24420
2019-04-04T03:38:04.000Z,79.554458,6.860252,17,24540
2019-04-04T03:38:15.000Z,79.554013,6.860063,16,24670
2019-04-04T03:38:24.000Z,79.55367,6.8598979999999985,16,24420
2019-04-04T03:38:53.000Z,79.552482,6.8593850000000005,17,24630
2019-04-04T03:39:04.000Z,79.552092,6.8592070000000005,17,24600
2019-04-04T03:39:15.000Z,79.55165699999998,6.859008,17,24540
2019-04-04T03:39:25.000Z,79.551302,6.858845,17,24550
2019-04-04T03:39:33.000Z,79.550955,6.858683,17,24490
2019-04-04T03:39:53.000Z,79.550138,6.858318,17,24530
2019-04-04T03:40:43.000Z,79.548202,6.8574,17,24520
2019-04-04T03:41:34.000Z,79.546277,6.856525,16,24540
2019-04-04T03:42:24.000Z,79.544273,6.8556550000000005,17,24670
2019-04-04T03:42:33.000Z,79.54391700000002,6.8555,17,24650
2019-04-04T03:43:33.000Z,79.541552,6.854452,17,24730
2019-04-04T03:43:54.000Z,79.54070300000002,6.85404,17,24510
2019-04-04T03:45:35.000Z,79.536735,6.852314999999999,17,24530
2019-04-04T03:45:44.000Z,79.53638000000002,6.852158,17,24590
2019-04-04T03:45:54.000Z,79.535947,6.851960000000001,17,24460
2019-04-04T03:46:04.000Z,79.5356,6.851795,17,24430
2019-04-04T03:46:15.000Z,79.535173,6.851605,17,24570
2019-04-04T03:46:24.000Z,79.53481500000002,6.851437,17,24640
2019-04-04T03:46:55.000Z,79.533568,6.850886999999998,17,24580
2019-04-04T03:47:14.000Z,79.532792,6.85053,17,24490
2019-04-04T03:47:35.000Z,79.531987,6.850165,17,24410
2019-04-04T03:47:53.000Z,79.53129200000002,6.8498470000000005,17,24690
2019-04-04T03:48:04.000Z,79.530872,6.849633,17,24590
2019-04-04T03:48:13.000Z,79.530513,6.849469999999998,17,24510
2019-04-04T03:48:24.000Z,79.530078,6.849277000000002,17,24520
2019-04-04T03:49:13.000Z,79.528143,6.848417,17,24470
2019-04-04T03:49:24.000Z,79.527712,6.848222,17,24680
2019-04-04T03:49:35.000Z,79.527265,6.848032000000001,17,24540
2019-04-04T03:49:54.000Z,79.526543,6.84773,17,24710
2019-04-04T03:50:03.000Z,79.526175,6.847532000000001,17,24650
2019-04-04T03:50:13.000Z,79.525785,6.847339999999999,17,24450
2019-04-04T03:50:24.000Z,79.525362,6.847152,17,24560
2019-04-04T03:50:34.000Z,79.524977,6.846978,17,24760
2019-04-04T03:50:34.000Z,79.524977,6.846978,17,24760
2019-04-04T03:53:03.000Z,79.519067,6.844378,17,24510
2019-04-04T03:53:25.000Z,79.51820500000002,6.8439820000000005,17,24530
2019-04-04T03:53:55.000Z,79.51703,6.843467,17,24650
2019-04-04T03:53:55.000Z,79.51703,6.843467,17,24650
2019-04-04T03:57:53.000Z,79.50771999999998,6.8393320000000015,17,24730
2019-04-04T03:58:33.000Z,79.5061,6.838597,16,24510
2019-04-04T03:58:44.000Z,79.50572,6.838425,17,24470
2019-04-04T03:59:13.000Z,79.504597,6.837903,17,24500
2019-04-04T03:59:33.000Z,79.503765,6.8375330000000005,17,24550
2019-04-04T03:59:44.000Z,79.503372,6.837352,17,24530
2019-04-04T03:59:53.000Z,79.503012,6.837198,17,24580
2019-04-04T04:00:04.000Z,79.502583,6.836995,17,24390
2019-04-04T04:00:14.000Z,79.50223199999998,6.836838,17,24440
2019-04-04T04:00:45.000Z,79.500982,6.836264999999999,17,24490
2019-04-04T04:01:04.000Z,79.500242,6.835928,17,24480
2019-04-04T04:00:53.000Z,79.500675,6.836125,16,24540
2019-04-04T04:01:23.000Z,79.49946,6.8355679999999985,17,24600
2019-04-04T04:02:04.000Z,79.497912,6.8348580000000005,17,24560
2019-04-04T04:02:04.000Z,79.497912,6.8348580000000005,17,24560
2019-04-04T04:03:43.000Z,79.494007,6.833142,17,24640
2019-04-04T04:04:43.000Z,79.49167,6.832097,17,24480
2019-04-04T04:05:43.000Z,79.48931800000003,6.831010000000001,17,24530
2019-04-04T04:06:04.000Z,79.488502,6.830625,17,24410
2019-04-04T04:07:23.000Z,79.485363,6.829192,17,24480
2019-04-04T04:07:33.000Z,79.484965,6.82901,17,24480
2019-04-04T04:07:55.000Z,79.48413000000002,6.8286380000000015,17,24620
2019-04-04T04:08:14.000Z,79.48338199999998,6.828297,17,24580
2019-04-04T04:08:33.000Z,79.482605,6.827908,17,24500
2019-04-04T04:08:45.000Z,79.482173,6.8277,17,24500
2019-04-04T04:10:55.000Z,79.47707199999998,6.8253080000000015,17,24520
2019-04-04T04:12:04.000Z,79.474277,6.824057000000002,17,24490
2019-04-04T04:12:14.000Z,79.473928,6.82389,17,24430
2019-04-04T04:12:45.000Z,79.472693,6.8233130000000015,17,24360
2019-04-04T04:12:55.000Z,79.472297,6.82314,17,24450
2019-04-04T04:12:55.000Z,79.472297,6.82314,17,24450
2019-04-04T04:13:07.000Z,79.471912,6.822955,17,24310
2019-04-04T04:15:33.000Z,79.466072,6.820285,17,24480
2019-04-04T04:16:14.000Z,79.464475,6.819537,17,24600
2019-04-04T04:16:24.000Z,79.464072,6.819353,17,24590
2019-04-04T04:16:34.000Z,79.463705,6.819189999999999,17,24440
2019-04-04T04:16:55.000Z,79.46282,6.81878,17,24540
2019-04-04T04:17:36.000Z,79.461232,6.8180520000000016,17,24420
2019-04-04T04:19:14.000Z,79.4574,6.816217,17,24420
2019-04-04T04:20:14.000Z,79.455042,6.81515,17,24460
2019-04-04T04:20:14.000Z,79.455042,6.81515,17,24460
2019-04-04T04:23:15.000Z,79.44794300000002,6.811839999999999,17,24430
2019-04-04T04:23:43.000Z,79.446835,6.811353,17,24600
2019-04-04T04:23:43.000Z,79.446835,6.811353,17,24600
2019-04-04T04:32:35.000Z,79.42614499999998,6.8015979999999985,17,24400
2019-04-04T04:32:35.000Z,79.42614499999998,6.8015979999999985,17,24400
2019-04-04T04:35:39.000Z,79.419173,6.798347,17,24660
2019-04-04T04:35:50.000Z,79.418773,6.798133,17,24570
2019-04-04T04:36:19.000Z,79.4176,6.7976,17,24480
2019-04-04T04:42:22.000Z,79.403177,6.7908979999999985,17,24500
2019-04-04T04:42:53.000Z,79.40208299999998,6.7904149999999985,17,24590
2019-04-04T04:43:44.000Z,79.400068,6.789528,17,24620
2019-04-04T04:43:54.000Z,79.39970500000003,6.789389999999999,17,24850
2019-04-04T04:43:54.000Z,79.39970500000003,6.789389999999999,17,24850
2019-04-04T04:50:53.000Z,79.382587,6.781947,17,24660
2019-04-04T04:50:53.000Z,79.382587,6.781947,17,24660
2019-04-04T05:07:22.000Z,79.34395500000002,6.764945,17,24280
2019-04-04T06:38:43.000Z,79.129498,6.675283,16,24380
2019-04-04T06:43:44.000Z,79.118107,6.669892999999999,16,24360
2019-04-04T06:43:44.000Z,79.118107,6.669892999999999,16,24360
2019-04-04T07:46:43.000Z,78.96594,6.607222,21,24490
2019-04-04T08:07:24.000Z,78.903813,6.579078,24,24700
2019-04-04T08:27:53.000Z,78.824382,6.550267,28,25690
2019-04-04T08:27:53.000Z,78.824382,6.550267,28,25690
2019-04-04T08:38:36.000Z,78.779962,6.539495,27,24910
2019-04-04T08:48:01.000Z,78.745227,6.5210930000000005,25,24090
2019-04-04T08:56:18.000Z,78.719202,6.5064470000000005,23,23860
2019-04-04T09:17:28.000Z,78.659317,6.474205,18,24900
2019-04-04T09:28:07.000Z,78.632427,6.462507,17,24400
2019-04-04T09:28:07.000Z,78.632427,6.462507,17,24400
2019-04-04T09:34:09.000Z,78.61864200000002,6.455997,17,24700
2019-04-04T09:53:35.000Z,78.57384,6.43304,17,24290
2019-04-04T10:04:02.000Z,78.54824,6.421707,17,25040
2019-04-04T10:11:27.000Z,78.530373,6.414367,17,25000
2019-04-04T10:22:17.000Z,78.503173,6.403467,17,24960
2019-04-04T10:29:07.000Z,78.486515,6.396973,17,25220
2019-04-04T10:36:08.000Z,78.46899300000003,6.390215,17,24970
2019-04-04T10:36:08.000Z,78.46899300000003,6.390215,17,24970
2019-04-04T10:56:17.000Z,78.41897800000002,6.3712620000000015,17,24840
2019-04-04T11:12:27.000Z,78.379723,6.3549430000000005,17,24820
2019-04-04T11:28:27.000Z,78.341433,6.336998,17,24440
2019-04-04T11:43:47.000Z,78.304293,6.3200650000000005,17,24570
2019-04-04T11:59:18.000Z,78.266547,6.3036080000000005,17,24570
2019-04-04T12:15:48.000Z,78.22636700000002,6.286527,17,24530
2019-04-04T12:45:27.000Z,78.15485799999998,6.255107,17,24560
2019-04-04T13:05:08.000Z,78.107998,6.233407,17,24380
2019-04-04T13:44:08.000Z,78.01435699999998,6.191482,17,24780
2019-04-04T14:00:07.000Z,77.975875,6.173958,17,23820
2019-04-04T14:20:07.000Z,77.930275,6.148235,17,24060
2019-04-04T14:37:08.000Z,77.89133199999998,6.126965,17,24220
2019-04-04T15:08:18.000Z,77.820305,6.08713,17,24090
2019-04-04T15:08:18.000Z,77.820305,6.08713,17,24090
2019-04-04T15:09:36.000Z,77.81723000000002,6.085492,17,24160
2019-04-04T15:18:25.000Z,77.796547,6.074313,17,24120
2019-04-04T15:42:18.000Z,77.74126,6.043577,17,23920
2019-04-04T15:42:18.000Z,77.74126,6.043577,17,23920
2019-04-04T16:58:44.000Z,77.562837,5.941833,17,24030
2019-04-04T16:58:44.000Z,77.562827,5.941813,17,24030
2019-04-04T17:01:35.000Z,77.55584,5.937787,17,23850
2019-04-04T17:03:16.000Z,77.55241,5.935755,17,23980
2019-04-04T17:18:09.000Z,77.517707,5.915173,17,23610
2019-04-04T17:20:02.000Z,77.513413,5.912613,17,23910
2019-04-04T17:20:02.000Z,77.513413,5.912613,17,23910
2019-04-04T17:29:04.000Z,77.49216,5.900187,17,23890
2019-04-04T17:29:04.000Z,77.49216,5.900187,17,23890
2019-04-04T18:07:47.000Z,77.399307,5.85336,17,24650
2019-04-04T18:07:47.000Z,77.399307,5.85336,17,24650
2019-04-04T18:12:28.000Z,77.387653,5.848587,17,24690
2019-04-04T18:12:28.000Z,77.387653,5.848587,17,24690
2019-04-04T18:19:37.000Z,77.36976,5.84128,17,24700
2019-04-04T18:31:05.000Z,77.34176,5.8285870000000015,17,23980
2019-04-04T18:50:14.000Z,77.296942,5.800832,17,23390
2019-04-04T19:01:31.000Z,77.27464,5.784507,17,23230
2019-04-04T19:05:30.000Z,77.26616,5.778293,17,23530
2019-04-04T19:05:30.000Z,77.26616,5.778293,17,23530
2019-04-04T19:11:13.000Z,77.25131800000003,5.7685330000000015,17,23780
2019-04-04T20:27:35.000Z,77.07687,5.67087,17,24180
2019-04-04T20:31:39.000Z,77.067487,5.665808,17,24040
2019-04-04T20:31:39.000Z,77.067487,5.665808,17,24040
2019-04-04T20:57:56.000Z,77.007077,5.6310150000000005,17,23940
2019-04-04T21:05:39.000Z,76.989428,5.620695,17,23670
2019-04-04T21:05:39.000Z,76.989428,5.620695,17,23670
2019-04-04T21:06:23.000Z,76.987472,5.6196,17,24200
2019-04-04T21:49:02.000Z,76.88821300000002,5.56464,17,23970
2019-04-04T21:55:02.000Z,76.874613,5.55656,17,23970
2019-04-04T22:10:06.000Z,76.840468,5.537145,17,23980
2019-04-04T22:11:27.000Z,76.837407,5.535393,17,24060
2019-04-04T22:11:27.000Z,76.837407,5.535393,17,24060
2019-04-04T22:45:26.000Z,76.759087,5.491703,17,24280
2019-04-04T22:46:16.000Z,76.756747,5.490427,17,24310
2019-04-04T22:46:16.000Z,76.756747,5.490427,17,24310
2019-04-04T22:48:27.000Z,76.751787,5.48768,17,24450
2019-04-04T22:48:27.000Z,76.751787,5.48768,17,24450
2019-04-04T22:48:36.000Z,76.75144,5.487467,17,23850
2019-04-04T22:48:36.000Z,76.75144,5.487467,17,23850
2019-04-05T00:31:06.000Z,76.51866,5.357687,17,24170
2019-04-05T01:43:45.000Z,76.35300699999998,5.264233,17,24090
2019-04-05T02:11:37.000Z,76.290253,5.22844,16,26080
2019-04-05T02:50:39.000Z,76.363523,5.27562,16,6210
2019-04-05T02:50:39.000Z,76.363523,5.27562,16,6210
2019-04-05T03:21:53.000Z,76.432785,5.31406,16,5700
2019-04-05T03:42:11.000Z,76.475413,5.338667,15,8900
2019-04-05T03:43:15.000Z,76.47768,5.3380800000000015,14,11380
2019-04-05T03:45:41.000Z,76.480587,5.333813,13,17900
2019-04-05T04:21:16.000Z,76.397013,5.2937330000000005,17,24550
2019-04-05T04:31:36.000Z,76.372587,5.28024,17,23970
2019-04-05T04:31:57.000Z,76.372187,5.280027,17,24170
2019-04-05T04:44:38.000Z,76.342943,5.263758,17,24150
2019-04-05T04:44:38.000Z,76.342943,5.263758,17,24150
2019-04-05T05:12:26.000Z,76.279842,5.228382,17,23660
2019-04-05T05:15:05.000Z,76.274,5.224693,17,23760
2019-04-05T05:43:24.000Z,76.210027,5.19184,17,25130
2019-04-05T05:46:44.000Z,76.202,5.188907,16,25090
2019-04-05T05:48:46.000Z,76.19728,5.186987,16,24870
2019-04-05T06:04:37.000Z,76.15914699999998,5.171812999999998,16,24740
2019-04-05T06:22:15.000Z,76.11728000000002,5.1560000000000015,17,25200
2019-04-05T06:55:24.000Z,76.03511999999998,5.128773000000002,17,25090
2019-04-05T07:03:29.000Z,76.01530699999998,5.12216,17,25160
2019-04-05T07:03:29.000Z,76.01530699999998,5.12216,17,25160
2019-04-05T08:06:17.000Z,75.85785200000002,5.068088,17,25230
2019-04-05T08:06:17.000Z,75.85785200000002,5.068088,17,25230
2019-04-05T08:15:37.000Z,75.83402,5.060107,17,25230
2019-04-05T08:15:37.000Z,75.83402,5.060107,17,25230
2019-04-05T08:19:45.000Z,75.823622,5.056593,17,25010
2019-04-05T08:20:37.000Z,75.821423,5.0558830000000015,17,25260
2019-04-05T08:22:45.000Z,75.81608299999998,5.054032,17,25190
2019-04-05T08:22:45.000Z,75.81608299999998,5.054032,17,25190
2019-04-05T08:46:28.000Z,75.75632,5.033387,17,24770
2019-04-05T08:47:38.000Z,75.75344,5.032293,17,24770
2019-04-05T09:25:55.000Z,75.65864,4.998267,17,25090
2019-04-05T09:31:57.000Z,75.64336,4.9931199999999984,17,25130
2019-04-05T09:36:31.000Z,75.631013,4.98888,17,25230
2019-04-05T09:43:17.000Z,75.613573,4.98296,17,25170
2019-04-05T09:49:07.000Z,75.59942,4.977988,17,25290
2019-04-05T09:49:07.000Z,75.59942,4.977988,17,25290
2019-04-05T10:26:15.000Z,75.50329,4.946269999999998,18,25020
2019-04-05T11:19:04.000Z,75.49562,4.954077,13,32940
2019-04-05T11:19:04.000Z,75.49562,4.954077,13,32940
2019-04-05T12:24:05.000Z,75.32896,4.8963730000000005,18,24980
2019-04-05T12:24:25.000Z,75.328053,4.896053,18,25040
2019-04-05T13:39:27.000Z,75.134568,4.820678,18,24660
2019-04-05T13:39:27.000Z,75.134568,4.820678,18,24660
2019-04-05T14:05:03.000Z,75.069213,4.794735,18,24990
2019-04-05T14:06:34.000Z,75.065338,4.793263,18,24960
2019-04-05T14:11:18.000Z,75.05345,4.788512,18,24870
2019-04-05T14:11:18.000Z,75.05345,4.788512,18,24870
2019-04-05T14:12:17.000Z,75.050873,4.78749,18,24810
2019-04-05T14:12:17.000Z,75.050873,4.78749,18,24810
2019-04-05T14:12:28.000Z,75.05036199999998,4.787287,18,24890
2019-04-05T14:12:28.000Z,75.05036199999998,4.787287,18,24890
2019-04-05T14:12:58.000Z,75.049082,4.786763,18,24930
2019-04-05T14:12:58.000Z,75.049082,4.786763,18,24930
2019-04-05T15:19:58.000Z,74.88594300000003,4.727355,17,25120
2019-04-05T15:19:58.000Z,74.88594300000003,4.727355,17,25120
2019-04-05T15:35:54.000Z,74.84643299999998,4.712947,17,25170
2019-04-05T15:41:16.000Z,74.833262,4.7081050000000015,17,24720
2019-04-05T16:19:27.000Z,74.73610699999998,4.67656,17,25010
2019-04-05T16:20:07.000Z,74.73439300000003,4.675983,17,25090
2019-04-05T16:20:07.000Z,74.73439300000003,4.675983,17,25090
2019-04-05T16:33:28.000Z,74.701162,4.6649080000000005,17,25380
2019-04-05T16:33:28.000Z,74.701162,4.6649080000000005,17,25380
2019-04-05T16:53:41.000Z,74.65104000000002,4.648213,17,24980
2019-04-05T16:54:30.000Z,74.649067,4.647573,17,25470
2019-04-05T16:56:35.000Z,74.644133,4.646,17,25300
2019-04-05T17:02:07.000Z,74.63072,4.641387,17,25140
2019-04-05T17:02:56.000Z,74.62872,4.640747,17,25260
2019-04-05T17:05:28.000Z,74.622573,4.6388370000000005,17,25060
2019-04-05T17:05:28.000Z,74.622573,4.6388370000000005,17,25060
2019-04-05T17:08:05.000Z,74.615973,4.63664,17,25160
2019-04-05T17:14:55.000Z,74.598587,4.6310400000000005,17,25330
2019-04-05T17:15:25.000Z,74.59736,4.6306129999999985,17,25090
2019-04-05T17:15:25.000Z,74.59736,4.6306129999999985,17,25090
2019-04-05T17:32:05.000Z,74.5568,4.61688,17,25050
2019-04-05T17:32:05.000Z,74.5568,4.61688,17,25050
2019-04-05T17:37:15.000Z,74.544107,4.612347,17,25060
2019-04-05T17:41:26.000Z,74.533547,4.608587,17,25200
2019-04-05T17:50:47.000Z,74.510613,4.60024,17,25000
2019-04-05T18:27:25.000Z,74.42267700000002,4.566233,16,24760
2019-04-05T18:31:36.000Z,74.4128,4.562373,16,25120
2019-04-05T18:31:36.000Z,74.4128,4.562373,16,25120
2019-04-05T18:42:14.000Z,74.387893,4.552587,16,24940
2019-04-05T18:47:44.000Z,74.37469300000002,4.547413,16,24860
2019-04-05T18:56:37.000Z,74.354507,4.53952,16,24890
2019-04-05T19:02:07.000Z,74.34169200000002,4.534472,16,24790
2019-04-05T19:07:41.000Z,74.32874699999998,4.529467,16,25460
2019-04-05T19:10:12.000Z,74.32253299999998,4.527627,17,25440
2019-04-05T20:05:06.000Z,74.267575,4.54012,15,17530
2019-04-05T20:05:26.000Z,74.26756999999998,4.539338,15,17950
2019-04-05T20:07:06.000Z,74.26683299999998,4.5355050000000015,15,19910
2019-04-05T20:08:08.000Z,74.265777,4.53343,15,21260
2019-04-05T20:08:08.000Z,74.265777,4.53343,15,21260
2019-04-05T20:42:48.000Z,74.186217,4.49828,16,24270
2019-04-05T20:42:48.000Z,74.186217,4.49828,16,24270
2019-04-05T21:17:33.000Z,74.10618000000002,4.458647,17,24920
2019-04-05T21:17:33.000Z,74.10618000000002,4.458647,17,24920
2019-04-05T21:20:30.000Z,74.09888000000002,4.45584,17,25010
2019-04-05T21:20:30.000Z,74.09888000000002,4.45584,17,25010
2019-04-05T21:25:56.000Z,74.08551999999997,4.450613,17,24860
2019-04-05T21:32:16.000Z,74.070442,4.445165,17,25140
2019-04-05T22:03:06.000Z,73.995707,4.418027,16,25060
2019-04-05T22:06:36.000Z,73.987147,4.414987,17,24990
2019-04-05T22:06:57.000Z,73.986293,4.414693,17,25100
2019-04-05T22:08:17.000Z,73.983013,4.413493,17,24960
2019-04-05T22:08:27.000Z,73.982587,4.4133330000000015,17,25110
2019-04-05T22:09:27.000Z,73.98010699999998,4.412427,17,25120
2019-04-05T22:22:29.000Z,73.948588,4.401475,16,24870
2019-04-05T22:22:29.000Z,73.948588,4.401475,16,24870
2019-04-05T22:26:29.000Z,73.939072,4.3981900000000005,16,24950
2019-04-05T22:26:29.000Z,73.939072,4.3981900000000005,16,24950
2019-04-05T22:54:29.000Z,73.87230500000003,4.374977,16,24900
2019-04-05T22:54:29.000Z,73.87230500000003,4.374977,16,24900
2019-04-05T22:57:02.000Z,73.866,4.372693,16,24620
2019-04-05T23:00:02.000Z,73.858827,4.37,17,24960
2019-04-05T23:04:13.000Z,73.848725,4.366342,17,24980
2019-04-05T23:14:02.000Z,73.824573,4.35734,17,24910
2019-04-05T23:14:02.000Z,73.824573,4.35734,17,24910
2019-04-06T00:16:44.000Z,73.67399999999998,4.301067,17,25120
2019-04-06T00:17:15.000Z,73.67272,4.3006400000000005,17,25070
2019-04-06T00:19:05.000Z,73.668293,4.2991730000000015,17,25100
2019-04-06T00:21:36.000Z,73.662133,4.2972,17,25170
2019-04-06T01:21:59.000Z,73.520213,4.255595,16,20740
2019-04-06T01:21:59.000Z,73.520213,4.255595,16,20740
2019-04-06T01:53:38.000Z,73.505257,4.197763,12,19910
2019-04-06T01:53:38.000Z,73.505257,4.197763,12,19910
2019-04-06T02:12:27.000Z,73.501687,4.184552,1,21470
2019-04-06T02:12:27.000Z,73.501687,4.184552,1,21470
2019-04-06T02:13:15.000Z,73.501698,4.18425,2,16770
2019-04-06T02:13:15.000Z,73.501698,4.18425,2,16770
2019-04-06T04:10:07.000Z,73.504933,4.180587,0,7280
2019-04-06T05:34:08.000Z,73.50495699999998,4.1806230000000015,0,7280
2019-04-06T05:34:08.000Z,73.50495699999998,4.1806230000000015,0,7280
