timestamp,longitude,latitude,speed,direction
2019-02-22T01:18:12.000Z,122.062268,30.621292,0,28580
2019-02-22T01:18:12.000Z,122.062268,30.621292,0,28580
2019-02-22T01:30:11.000Z,122.06228,30.621353000000006,0,28580
2019-02-22T01:30:11.000Z,122.06228,30.621353000000006,0,28580
2019-02-22T01:33:55.000Z,122.06213,30.621243,0,24820
2019-02-22T01:33:55.000Z,122.06213,30.621243,0,24820
2019-02-22T01:36:15.000Z,122.061847,30.620943,1,21340
2019-02-22T01:36:15.000Z,122.061847,30.620943,1,21340
2019-02-22T01:37:36.000Z,122.061708,30.620708,1,20550
2019-02-22T01:37:36.000Z,122.061708,30.620708,1,20550
2019-02-22T01:45:20.000Z,122.062447,30.618542,7,14980
2019-02-22T01:45:20.000Z,122.062447,30.618542,7,14980
2019-02-22T01:46:26.000Z,122.066965,30.613555,12,13690
2019-02-22T01:46:26.000Z,122.066965,30.613555,12,13690
2019-02-22T01:46:26.000Z,122.066965,30.613555,12,13690
2019-02-22T01:50:15.000Z,122.074358,30.607018,17,13100
2019-02-22T01:50:15.000Z,122.074358,30.607018,17,13100
2019-02-22T01:50:15.000Z,122.074358,30.607018,17,13100
2019-02-22T01:56:16.000Z,122.090872,30.598943,18,11990
2019-02-22T01:56:16.000Z,122.090872,30.598943,18,11990
2019-02-22T01:56:16.000Z,122.090872,30.598943,18,11990
2019-02-22T02:00:40.000Z,122.094613,30.59696,19,11730
2019-02-22T02:00:40.000Z,122.094613,30.59696,19,11730
2019-02-22T02:00:40.000Z,122.094613,30.59696,19,11730
2019-02-22T02:04:15.000Z,122.117357,30.585872,24,12250
2019-02-22T02:04:15.000Z,122.117357,30.585872,24,12250
2019-02-22T02:04:15.000Z,122.117357,30.585872,24,12250
2019-02-22T02:09:21.000Z,122.124593,30.581758,24,12370
2019-02-22T02:09:21.000Z,122.124593,30.581758,24,12370
2019-02-22T02:09:21.000Z,122.124593,30.581758,24,12370
2019-02-22T02:12:04.000Z,122.147545,30.57272,25,11570
2019-02-22T02:12:04.000Z,122.147545,30.57272,25,11570
2019-02-22T02:12:04.000Z,122.147545,30.57272,25,11570
2019-02-22T02:15:48.000Z,122.150195,30.571658000000006,25,11330
2019-02-22T02:15:48.000Z,122.150195,30.571658000000006,25,11330
2019-02-22T02:15:48.000Z,122.150195,30.571658000000006,25,11330
2019-02-22T02:20:25.000Z,122.180988,30.563575,23,10580
2019-02-22T02:20:25.000Z,122.180988,30.563575,23,10580
2019-02-22T02:20:25.000Z,122.180988,30.563575,23,10580
2019-02-22T02:24:25.000Z,122.19659,30.560957,22,10150
2019-02-22T02:24:25.000Z,122.19659,30.560957,22,10150
2019-02-22T02:24:25.000Z,122.19659,30.560957,22,10150
2019-02-22T02:28:46.000Z,122.213622,30.557938,23,10130
2019-02-22T02:28:46.000Z,122.213622,30.557938,23,10130
2019-02-22T02:28:46.000Z,122.213622,30.557938,23,10130
2019-02-22T02:33:05.000Z,122.230723,30.554805,23,10140
2019-02-22T02:33:05.000Z,122.230723,30.554805,23,10140
2019-02-22T02:33:05.000Z,122.230723,30.554805,23,10140
2019-02-22T02:36:26.000Z,122.243233,30.552848,19,9830
2019-02-22T02:36:26.000Z,122.243233,30.552848,19,9830
2019-02-22T02:36:26.000Z,122.243233,30.552848,19,9830
2019-02-22T02:40:25.000Z,122.25326499999998,30.551288,10,10020
2019-02-22T02:40:25.000Z,122.25326499999998,30.551288,10,10020
2019-02-22T02:40:25.000Z,122.25326499999998,30.551288,10,10020
2019-02-22T02:44:15.000Z,122.260838,30.550018,13,10120
2019-02-22T02:44:15.000Z,122.260838,30.550018,13,10120
2019-02-22T02:44:15.000Z,122.260838,30.550018,13,10120
2019-02-22T02:48:35.000Z,122.27263700000002,30.547835,18,10490
2019-02-22T02:48:35.000Z,122.27263700000002,30.547835,18,10490
2019-02-22T02:48:35.000Z,122.27263700000002,30.547835,18,10490
2019-02-22T02:52:16.000Z,122.285755,30.546315000000003,22,9930
2019-02-22T02:52:16.000Z,122.285755,30.546315000000003,22,9930
2019-02-22T02:52:16.000Z,122.285755,30.546315000000003,22,9930
2019-02-22T02:56:16.000Z,122.301482,30.544202,23,9820
2019-02-22T02:56:16.000Z,122.301482,30.544202,23,9820
2019-02-22T02:56:16.000Z,122.301482,30.544202,23,9820
2019-02-22T03:00:55.000Z,122.320463,30.541293,24,10120
2019-02-22T03:00:55.000Z,122.320463,30.541293,24,10120
2019-02-22T03:00:55.000Z,122.320463,30.541293,24,10120
2019-02-22T03:04:32.000Z,122.33589,30.538487,24,9910
2019-02-22T03:04:32.000Z,122.33589,30.538487,24,9910
2019-02-22T03:04:32.000Z,122.33589,30.538487,24,9910
2019-02-22T03:08:33.000Z,122.353288,30.536248,26,10610
2019-02-22T03:08:33.000Z,122.353288,30.536248,26,10610
2019-02-22T03:08:33.000Z,122.353288,30.536248,26,10610
2019-02-22T03:11:35.000Z,122.366637,30.533297,26,10430
2019-02-22T03:11:35.000Z,122.366637,30.533297,26,10430
2019-02-22T03:11:35.000Z,122.366637,30.533297,26,10430
2019-02-22T03:16:23.000Z,122.387713,30.528885,25,10010
2019-02-22T03:16:23.000Z,122.387713,30.528885,25,10010
2019-02-22T03:16:23.000Z,122.387713,30.528885,25,10010
2019-02-22T03:20:23.000Z,122.40527,30.527048,25,9760
2019-02-22T03:20:23.000Z,122.40527,30.527048,25,9760
2019-02-22T03:20:23.000Z,122.40527,30.527048,25,9760
2019-02-22T03:24:13.000Z,122.422215,30.525213,25,9710
2019-02-22T03:24:13.000Z,122.422215,30.525213,25,9710
2019-02-22T03:24:13.000Z,122.422215,30.525213,25,9710
2019-02-22T03:25:35.000Z,122.428343,30.524537,26,9720
2019-02-22T03:25:35.000Z,122.428343,30.524537,26,9720
2019-02-22T03:25:35.000Z,122.428343,30.524537,26,9720
2019-02-22T03:27:35.000Z,122.437428,30.523578000000004,26,9720
2019-02-22T03:27:35.000Z,122.437428,30.523578000000004,26,9720
2019-02-22T03:27:35.000Z,122.437428,30.523578000000004,26,9720
2019-02-22T03:32:23.000Z,122.459445,30.519567,27,10390
2019-02-22T03:32:23.000Z,122.459445,30.519567,27,10390
2019-02-22T03:32:23.000Z,122.459445,30.519567,27,10390
2019-02-22T03:34:34.000Z,122.46939,30.517367,27,10520
2019-02-22T03:34:34.000Z,122.46939,30.517367,27,10520
2019-02-22T03:34:34.000Z,122.46939,30.517367,27,10520
2019-02-22T03:40:23.000Z,122.495527,30.509355,27,10890
2019-02-22T03:40:23.000Z,122.495527,30.509355,27,10890
2019-02-22T03:40:23.000Z,122.495527,30.509355,27,10890
2019-02-22T03:44:35.000Z,122.514453,30.503685,27,10890
2019-02-22T03:44:35.000Z,122.514453,30.503685,27,10890
2019-02-22T03:44:35.000Z,122.514453,30.503685,27,10890
2019-02-22T03:48:47.000Z,122.533595,30.498057,27,10840
2019-02-22T03:48:47.000Z,122.533595,30.498057,27,10840
2019-02-22T03:48:47.000Z,122.533595,30.498057,27,10840
2019-02-22T03:52:40.000Z,122.551382,30.492888,27,10870
2019-02-22T03:52:40.000Z,122.551382,30.492888,27,10870
2019-02-22T03:52:40.000Z,122.551382,30.492888,27,10870
2019-02-22T03:56:29.000Z,122.568512,30.486872,27,11400
2019-02-22T03:56:29.000Z,122.568512,30.486872,27,11400
2019-02-22T03:56:29.000Z,122.568512,30.486872,27,11400
2019-02-22T04:00:29.000Z,122.586298,30.480228000000004,27,10870
2019-02-22T04:00:29.000Z,122.586298,30.480228000000004,27,10870
2019-02-22T04:00:29.000Z,122.586298,30.480228000000004,27,10870
2019-02-22T04:04:41.000Z,122.606157,30.476907,27,9610
2019-02-22T04:04:41.000Z,122.606157,30.476907,27,9610
2019-02-22T04:04:41.000Z,122.606157,30.476907,27,9610
2019-02-22T04:08:53.000Z,122.62671,30.474765,28,9690
2019-02-22T04:08:53.000Z,122.62671,30.474765,28,9690
2019-02-22T04:08:53.000Z,122.62671,30.474765,28,9690
2019-02-22T04:12:22.000Z,122.64421000000002,30.472897,29,9690
2019-02-22T04:12:22.000Z,122.64421000000002,30.472897,29,9690
2019-02-22T04:12:22.000Z,122.64421000000002,30.472897,29,9690
2019-02-22T04:16:28.000Z,122.665032,30.470702000000006,29,9620
2019-02-22T04:16:28.000Z,122.665032,30.470702000000006,29,9620
2019-02-22T04:16:28.000Z,122.665032,30.470702000000006,29,9620
2019-02-22T04:20:29.000Z,122.685658,30.468542,29,9680
2019-02-22T04:20:29.000Z,122.685658,30.468542,29,9680
2019-02-22T04:20:29.000Z,122.685658,30.468542,29,9680
2019-02-22T04:24:35.000Z,122.70684,30.466482,30,9630
2019-02-22T04:24:35.000Z,122.70684,30.466482,30,9630
2019-02-22T04:24:35.000Z,122.70684,30.466482,30,9630
2019-02-22T04:29:11.000Z,122.730745,30.463922,30,9730
2019-02-22T04:29:11.000Z,122.730745,30.463922,30,9730
2019-02-22T04:29:11.000Z,122.730745,30.463922,30,9730
2019-02-22T04:32:35.000Z,122.748527,30.461965000000006,30,9730
2019-02-22T04:32:35.000Z,122.748527,30.461965000000006,30,9730
2019-02-22T04:32:35.000Z,122.748527,30.461965000000006,30,9730
2019-02-22T04:36:05.000Z,122.76588,30.460215,27,9600
2019-02-22T04:36:05.000Z,122.76588,30.460215,27,9600
2019-02-22T04:36:05.000Z,122.76588,30.460215,27,9600
2019-02-22T04:38:53.000Z,122.778758,30.45905,26,9590
2019-02-22T04:38:53.000Z,122.778758,30.45905,26,9590
2019-02-22T04:38:53.000Z,122.778758,30.45905,26,9590
2019-02-22T04:43:41.000Z,122.800225,30.457088,25,9600
2019-02-22T04:43:41.000Z,122.800225,30.457088,25,9600
2019-02-22T04:43:41.000Z,122.800225,30.457088,25,9600
2019-02-22T05:12:30.000Z,122.901667,30.458333000000003,29,8800
2019-02-22T05:12:30.000Z,122.901667,30.458333000000003,29,8800
2019-02-22T05:12:30.000Z,122.901667,30.458333000000003,29,8800
2019-02-22T10:15:36.000Z,124.218333,31.081667,25,5100
2019-02-22T10:15:36.000Z,124.218333,31.081667,25,5100
2019-02-22T10:15:36.000Z,124.218333,31.081667,25,5100
2019-02-22T11:54:29.000Z,124.551667,31.356667,25,5500
2019-02-22T11:54:29.000Z,124.551667,31.356667,25,5500
2019-02-22T11:54:29.000Z,124.551667,31.356667,25,5500
2019-02-22T13:24:34.000Z,124.903333,31.57,0,4600
2019-02-22T13:36:40.000Z,124.946667,31.605,27,4600
2019-02-22T13:36:40.000Z,124.946667,31.605,27,4600
2019-02-22T13:36:40.000Z,124.946667,31.605,27,4600
2019-02-22T14:54:33.000Z,125.255,31.815,27,4800
2019-02-22T14:54:33.000Z,125.255,31.815,27,4800
2019-02-22T14:54:33.000Z,125.255,31.815,27,4800
2019-02-22T15:06:40.000Z,125.301667,31.85,0,4800
2019-02-22T15:09:40.000Z,125.313333,31.86,27,4900
2019-02-22T15:09:40.000Z,125.313333,31.86,27,4900
2019-02-22T15:09:40.000Z,125.313333,31.86,27,4900
2019-02-22T19:38:13.000Z,126.433108,32.648962,0,5080
2019-02-22T20:03:01.000Z,126.539078,32.723335,0,5020
2019-02-22T20:04:50.000Z,126.546872,32.728835,0,5010
2019-02-22T20:05:38.000Z,126.550335,32.731297999999995,0,4990
2019-02-22T20:06:49.000Z,126.555447,32.734942,0,4970
2019-02-22T20:07:19.000Z,126.557668,32.736523,0,4990
2019-02-22T20:07:56.000Z,126.560263,32.738372,0,4970
2019-02-22T20:08:31.000Z,126.562778,32.740203,0,4920
2019-02-22T20:09:19.000Z,126.56633,32.74273,0,5020
2019-02-22T20:10:02.000Z,126.569358,32.744887,0,4950
2019-02-22T20:11:07.000Z,126.57407,32.748207,0,4970
2019-02-22T20:11:44.000Z,126.576748,32.750103,0,5010
2019-02-22T20:12:19.000Z,126.579375,32.751943,0,5020
2019-02-22T20:12:41.000Z,126.58,32.751667,31,4900
2019-02-22T20:12:41.000Z,126.58,32.751667,31,4900
2019-02-22T20:12:41.000Z,126.58,32.751667,31,4900
2019-02-22T20:18:41.000Z,126.606667,32.771667,31,4900
2019-02-22T20:18:41.000Z,126.606667,32.771667,31,4900
2019-02-22T20:18:41.000Z,126.606667,32.771667,31,4900
2019-02-22T21:51:42.000Z,127.011667,33.056667,29,4300
2019-02-22T21:51:42.000Z,127.011667,33.056667,29,4300
2019-02-22T21:51:42.000Z,127.011667,33.056667,29,4300
2019-02-23T00:24:40.000Z,127.643333,33.518333,27,4500
2019-02-23T00:24:40.000Z,127.643333,33.518333,27,4500
2019-02-23T00:24:40.000Z,127.643333,33.518333,27,4500
2019-02-23T00:45:39.000Z,127.72,33.583333,0,4500
2019-02-23T02:12:30.000Z,128.027192,33.856708000000005,29,4620
2019-02-23T02:12:30.000Z,128.027192,33.856708000000005,29,4620
2019-02-23T02:12:30.000Z,128.027192,33.856708000000005,29,4620
2019-02-23T02:13:30.000Z,128.031012,33.859797,29,4610
2019-02-23T02:13:30.000Z,128.031012,33.859797,29,4610
2019-02-23T02:13:30.000Z,128.031012,33.859797,29,4610
2019-02-23T02:14:05.000Z,128.033233,33.86159,29,4610
2019-02-23T02:14:05.000Z,128.033233,33.86159,29,4610
2019-02-23T02:14:05.000Z,128.033233,33.86159,29,4610
2019-02-23T02:15:05.000Z,128.037087,33.86465,29,4620
2019-02-23T02:15:05.000Z,128.037087,33.86465,29,4620
2019-02-23T02:15:05.000Z,128.037087,33.86465,29,4620
2019-02-23T02:16:30.000Z,128.042528,33.869021999999994,0,4580
2019-02-23T02:17:41.000Z,128.047083,33.872693,0,4590
2019-02-23T02:18:41.000Z,128.050947,33.87577,0,4610
2019-02-23T02:18:54.000Z,128.05178,33.876445000000004,29,4590
2019-02-23T02:18:54.000Z,128.05178,33.876445000000004,29,4590
2019-02-23T02:18:54.000Z,128.05178,33.876445000000004,29,4590
2019-02-23T02:20:05.000Z,128.056323,33.88013,0,4580
2019-02-23T02:21:41.000Z,128.06252,33.885163,0,4530
2019-02-23T02:22:05.000Z,128.064045,33.88641,0,4550
2019-02-23T02:22:41.000Z,128.06633,33.88831,0,4530
2019-02-23T02:23:05.000Z,128.067868,33.88956,29,4570
2019-02-23T02:23:05.000Z,128.067868,33.88956,29,4570
2019-02-23T02:23:05.000Z,128.067868,33.88956,29,4570
2019-02-23T02:23:29.000Z,128.069325,33.890752,0,4540
2019-02-23T02:23:41.000Z,128.070155,33.891432,0,4550
2019-02-23T02:24:05.000Z,128.071695,33.892682,0,4580
2019-02-23T02:24:30.000Z,128.07323300000002,33.893937,0,4540
2019-02-23T02:24:41.000Z,128.073997,33.894563,0,4550
2019-02-23T02:25:05.000Z,128.07553,33.895818,0,4530
2019-02-23T02:25:41.000Z,128.07781799999998,33.897695,0,4540
2019-02-23T02:26:05.000Z,128.079355,33.89895,0,4530
2019-02-23T02:26:42.000Z,128.081645,33.900855,0,4530
2019-02-23T02:26:54.000Z,128.08240700000002,33.901487,0,4530
2019-02-23T02:27:05.000Z,128.083173,33.902123,0,4530
2019-02-23T02:27:18.000Z,128.083938,33.902762,29,4510
2019-02-23T02:27:18.000Z,128.083938,33.902762,29,4510
2019-02-23T02:27:18.000Z,128.083938,33.902762,29,4510
2019-02-23T02:27:42.000Z,128.085478,33.904027,0,4540
2019-02-23T02:28:05.000Z,128.08695,33.905225,0,4560
2019-02-23T02:28:29.000Z,128.08848999999998,33.906477,0,4550
2019-02-23T02:28:42.000Z,128.08932,33.907158,0,4540
2019-02-23T02:28:54.000Z,128.090087,33.90779000000001,0,4540
2019-02-23T02:29:05.000Z,128.090795,33.90837,0,4540
2019-02-23T02:29:18.000Z,128.091628,33.909053,0,4520
2019-02-23T02:29:42.000Z,128.093182,33.910315000000004,0,4560
2019-02-23T02:29:54.000Z,128.09393300000002,33.910940000000004,0,4550
2019-02-23T02:30:05.000Z,128.094645,33.911518,0,4540
2019-02-23T02:30:54.000Z,128.097778,33.914093,0,4540
2019-02-23T02:31:18.000Z,128.099323,33.915353,0,4570
2019-02-23T02:31:29.000Z,128.100032,33.915938,30,4560
2019-02-23T02:31:29.000Z,128.100032,33.915938,30,4560
2019-02-23T02:31:29.000Z,128.100032,33.915938,30,4560
2019-02-23T02:32:18.000Z,128.103225,33.91852,0,4550
2019-02-23T02:33:05.000Z,128.106253,33.920983,0,4550
2019-02-23T02:33:29.000Z,128.107788,33.922228000000004,0,4560
2019-02-23T02:34:05.000Z,128.110105,33.924115,0,4540
2019-02-23T02:34:29.000Z,128.11167,33.925385,0,4580
2019-02-23T02:34:41.000Z,128.11245300000002,33.926022,0,4560
2019-02-23T02:35:05.000Z,128.114003,33.927282,0,4590
2019-02-23T02:35:29.000Z,128.11559,33.928538,30,4620
2019-02-23T02:35:29.000Z,128.11559,33.928538,30,4620
2019-02-23T02:35:29.000Z,128.11559,33.928538,30,4620
2019-02-23T02:36:05.000Z,128.117968,33.930413,0,4600
2019-02-23T02:38:06.000Z,128.12582700000002,33.936747,0,4580
2019-02-23T02:39:06.000Z,128.12976,33.93992,30,4610
2019-02-23T02:39:06.000Z,128.12976,33.93992,30,4610
2019-02-23T02:39:06.000Z,128.12976,33.93992,30,4610
2019-02-23T02:39:41.000Z,128.1321,33.941828,0,4620
2019-02-23T02:40:17.000Z,128.134475,33.943738,0,4620
2019-02-23T02:40:41.000Z,128.13605,33.944990000000004,0,4610
2019-02-23T02:41:41.000Z,128.140008,33.948132,0,4650
2019-02-23T02:42:06.000Z,128.141597,33.949397,0,4630
2019-02-23T02:42:41.000Z,128.143975,33.951291999999995,0,4610
2019-02-23T02:43:05.000Z,128.145568,33.952542,0,4620
2019-02-23T02:43:17.000Z,128.146365,33.953171999999995,30,4640
2019-02-23T02:43:17.000Z,128.146365,33.953171999999995,30,4640
2019-02-23T02:43:17.000Z,128.146365,33.953171999999995,30,4640
2019-02-23T02:43:41.000Z,128.14795700000002,33.954425,0,4670
2019-02-23T02:44:05.000Z,128.149545,33.955683,0,4650
2019-02-23T02:44:41.000Z,128.151933,33.95758,0,4670
2019-02-23T02:45:05.000Z,128.153538,33.958843,0,4670
2019-02-23T02:45:18.000Z,128.154348,33.959477,30,4680
2019-02-23T02:45:18.000Z,128.154348,33.959477,30,4680
2019-02-23T02:45:18.000Z,128.154348,33.959477,30,4680
2019-02-23T02:46:05.000Z,128.157545,33.961985,0,4630
2019-02-23T02:46:29.000Z,128.15906299999997,33.963183,0,4670
2019-02-23T02:47:05.000Z,128.161528,33.96511,30,4680
2019-02-23T02:47:05.000Z,128.161528,33.96511,30,4680
2019-02-23T02:47:05.000Z,128.161528,33.96511,30,4680
2019-02-23T02:47:29.000Z,128.16307,33.966323,0,4670
2019-02-23T02:47:41.000Z,128.163875,33.966953000000004,0,4680
2019-02-23T02:48:05.000Z,128.165538,33.968257,0,4670
2019-02-23T02:48:29.000Z,128.16706499999998,33.96946,0,4670
2019-02-23T02:49:05.000Z,128.169535,33.9714,30,4680
2019-02-23T02:49:05.000Z,128.169535,33.9714,30,4680
2019-02-23T02:49:05.000Z,128.169535,33.9714,30,4680
2019-02-23T02:49:29.000Z,128.171075,33.972597,0,4700
2019-02-23T02:50:05.000Z,128.173528,33.974525,0,4660
2019-02-23T02:50:18.000Z,128.17433799999998,33.975148,0,4730
2019-02-23T02:50:29.000Z,128.175085,33.975713,0,4790
2019-02-23T02:50:54.000Z,128.176802,33.976978,0,4830
2019-02-23T02:51:05.000Z,128.177555,33.977535,30,4830
2019-02-23T02:51:05.000Z,128.177555,33.977535,30,4830
2019-02-23T02:51:05.000Z,128.177555,33.977535,30,4830
2019-02-23T02:51:35.000Z,128.17968,33.979088,0,4890
2019-02-23T02:51:41.000Z,128.180025,33.979335,0,4910
2019-02-23T02:51:54.000Z,128.180927,33.979985,0,4920
2019-02-23T02:52:02.000Z,128.181693,33.980527,0,4960
2019-02-23T02:52:11.000Z,128.18218000000002,33.98087,0,4950
2019-02-23T02:52:29.000Z,128.18337,33.981708000000005,0,4950
2019-02-23T02:52:47.000Z,128.184695,33.982653000000006,0,4940
2019-02-23T02:52:54.000Z,128.18511,33.982952000000004,0,4940
2019-02-23T02:53:05.000Z,128.185872,33.983495,0,4950
2019-02-23T02:53:17.000Z,128.186773,33.984134999999995,0,4950
2019-02-23T02:53:41.000Z,128.18843700000002,33.985327000000005,0,4930
2019-02-23T02:53:47.000Z,128.188852,33.985627,0,4910
2019-02-23T02:54:05.000Z,128.190032,33.986470000000004,0,4930
2019-02-23T02:54:17.000Z,128.19093,33.987120000000004,0,4920
2019-02-23T02:54:29.000Z,128.19175800000002,33.987722,0,4900
2019-02-23T02:54:41.000Z,128.192583,33.9883,0,4920
2019-02-23T02:54:54.000Z,128.193403,33.988895,0,4910
2019-02-23T02:55:17.000Z,128.195048,33.99007,30,4940
2019-02-23T02:55:17.000Z,128.195048,33.99007,30,4940
2019-02-23T02:55:17.000Z,128.195048,33.99007,30,4940
2019-02-23T02:55:29.000Z,128.195873,33.990662,0,4930
2019-02-23T02:55:41.000Z,128.196703,33.991258,0,4930
2019-02-23T02:55:54.000Z,128.197528,33.991853000000006,0,4930
2019-02-23T02:56:17.000Z,128.199197,33.993033000000004,0,4960
2019-02-23T02:56:29.000Z,128.20003,33.993623,0,4950
2019-02-23T02:57:09.000Z,128.200863,33.994213,0,4950
2019-02-23T02:58:17.000Z,128.207475,33.999016999999995,0,4850
2019-02-23T02:58:29.000Z,128.208293,33.999621999999995,0,4820
2019-02-23T02:59:06.000Z,128.210745,34.00142,0,4850
2019-02-23T02:59:17.000Z,128.211558,34.00201,0,4860
2019-02-23T02:59:29.000Z,128.21236299999998,34.00261,30,4830
2019-02-23T02:59:29.000Z,128.21236299999998,34.00261,30,4830
2019-02-23T02:59:29.000Z,128.21236299999998,34.00261,30,4830
2019-02-23T02:59:54.000Z,128.213993,34.003817,0,4890
2019-02-23T03:01:23.000Z,128.220275,34.00810300000001,29,5170
2019-02-23T03:01:23.000Z,128.220275,34.00810300000001,29,5170
2019-02-23T03:01:23.000Z,128.220275,34.00810300000001,29,5170
2019-02-23T03:04:18.000Z,128.232523,34.016185,0,5090
2019-02-23T03:04:53.000Z,128.235015,34.017863,0,5120
2019-02-23T03:05:18.000Z,128.236675,34.018972,0,5130
2019-02-23T03:05:30.000Z,128.23750800000002,34.01952,0,5150
2019-02-23T03:05:53.000Z,128.239202,34.02059000000001,0,5270
2019-02-23T03:06:30.000Z,128.24175300000002,34.022175,0,5270
2019-02-23T03:06:41.000Z,128.242603,34.02271,0,5260
2019-02-23T03:06:53.000Z,128.24345,34.023242,0,5270
2019-02-23T03:07:05.000Z,128.244217,34.023733,29,5260
2019-02-23T03:07:05.000Z,128.244217,34.023733,29,5260
2019-02-23T03:07:05.000Z,128.244217,34.023733,29,5260
2019-02-23T03:07:41.000Z,128.24679799999998,34.025372999999995,0,5240
2019-02-23T03:07:53.000Z,128.247632,34.02591,0,5250
2019-02-23T03:08:41.000Z,128.25096299999998,34.028105,0,5000
2019-02-23T03:09:05.000Z,128.252448,34.029173,0,4930
2019-02-23T03:09:18.000Z,128.253315,34.029768,0,5030
2019-02-23T03:09:30.000Z,128.254122,34.030317,0,5070
2019-02-23T03:09:35.000Z,128.254458,34.030543,0,5080
2019-02-23T03:09:46.000Z,128.254928,34.030862,0,5070
2019-02-23T03:09:59.000Z,128.25616200000002,34.031672,0,5200
2019-02-23T03:10:05.000Z,128.256507,34.031888,0,5270
2019-02-23T03:10:17.000Z,128.257403,34.03246,0,5240
2019-02-23T03:10:35.000Z,128.258575,34.033195,0,5220
2019-02-23T03:10:41.000Z,128.259058,34.033497,0,5280
2019-02-23T03:10:53.000Z,128.259895,34.03403,0,5340
2019-02-23T03:11:17.000Z,128.261547,34.035058,0,5270
2019-02-23T03:11:29.000Z,128.262358,34.035592,0,5200
2019-02-23T03:11:35.000Z,128.262695,34.035818,28,5160
2019-02-23T03:11:35.000Z,128.262695,34.035818,28,5160
2019-02-23T03:11:35.000Z,128.262695,34.035818,28,5160
2019-02-23T03:11:41.000Z,128.263165,34.03613,0,5160
2019-02-23T03:11:53.000Z,128.26397,34.036657,0,5170
2019-02-23T03:12:05.000Z,128.26471,34.037138,0,5200
2019-02-23T03:12:17.000Z,128.265592,34.03775,0,5160
2019-02-23T03:12:29.000Z,128.266402,34.038263,0,5150
2019-02-23T03:12:41.000Z,128.267218,34.038795,0,5160
2019-02-23T03:12:53.000Z,128.268025,34.03933,0,5140
2019-02-23T03:13:05.000Z,128.268765,34.039818,0,5150
2019-02-23T03:13:17.000Z,128.26963700000002,34.040388,0,5160
2019-02-23T03:13:29.000Z,128.27043799999998,34.040923,0,5120
2019-02-23T03:13:41.000Z,128.27123999999998,34.041462,0,5110
2019-02-23T03:14:17.000Z,128.27364,34.043068,0,5080
2019-02-23T03:14:41.000Z,128.275227,34.044146999999995,0,5090
2019-02-23T03:14:51.000Z,128.276025,34.04469,0,5110
2019-02-23T03:15:13.000Z,128.277622,34.045765,0,5130
2019-02-23T03:15:17.000Z,128.277622,34.045765,28,5130
2019-02-23T03:15:17.000Z,128.277622,34.045765,28,5130
2019-02-23T03:15:17.000Z,128.277622,34.045765,28,5130
2019-02-23T03:15:41.000Z,128.27920500000002,34.046885,0,5150
2019-02-23T03:15:53.000Z,128.280022,34.047403,0,5130
2019-02-23T03:16:06.000Z,128.280835,34.04792800000001,0,5160
2019-02-23T03:16:17.000Z,128.281643,34.048457,0,5160
2019-02-23T03:16:41.000Z,128.283277,34.049558000000005,0,5150
2019-02-23T03:16:53.000Z,128.284022,34.050055,0,5140
2019-02-23T03:17:06.000Z,128.284887,34.050607,0,5140
2019-02-23T03:17:17.000Z,128.28569,34.051132,0,5150
2019-02-23T03:17:53.000Z,128.28804,34.052702000000004,0,5150
2019-02-23T03:18:06.000Z,128.288918,34.053263,0,5180
2019-02-23T03:18:42.000Z,128.291333,34.054908000000005,0,4950
2019-02-23T03:18:53.000Z,128.29205,34.055428000000006,0,4960
2019-02-23T03:19:17.000Z,128.293633,34.056608000000004,28,4620
2019-02-23T03:19:17.000Z,128.293633,34.056608000000004,28,4620
2019-02-23T03:19:17.000Z,128.293633,34.056608000000004,28,4620
2019-02-23T03:19:42.000Z,128.295,34.057858,0,4160
2019-02-23T03:20:06.000Z,128.29630500000002,34.059128,0,3990
2019-02-23T03:20:42.000Z,128.298125,34.06114,0,3660
2019-02-23T03:20:53.000Z,128.298685,34.061758000000005,0,3690
2019-02-23T03:21:17.000Z,128.299937,34.063173,0,3620
2019-02-23T03:21:42.000Z,128.30113500000002,34.064572,0,3520
2019-02-23T03:21:53.000Z,128.3017,34.065213,0,3640
2019-02-23T03:21:59.000Z,128.30208000000002,34.065613,0,3740
2019-02-23T03:22:06.000Z,128.302412,34.065948,0,3840
2019-02-23T03:22:11.000Z,128.302747,34.066282,0,3910
2019-02-23T03:22:17.000Z,128.30308,34.066613000000004,0,3960
2019-02-23T03:22:35.000Z,128.30408799999998,34.067557,0,4140
2019-02-23T03:22:42.000Z,128.304435,34.067888,0,4210
2019-02-23T03:22:53.000Z,128.305092,34.068465,0,4420
2019-02-23T03:23:06.000Z,128.30589799999998,34.069117,28,4560
2019-02-23T03:23:06.000Z,128.30589799999998,34.069117,28,4560
2019-02-23T03:23:06.000Z,128.30589799999998,34.069117,28,4560
2019-02-23T03:23:53.000Z,128.308773,34.071459999999995,0,4580
2019-02-23T03:24:06.000Z,128.30957,34.072102,0,4590
2019-02-23T03:24:17.000Z,128.310335,34.072658000000004,0,4780
2019-02-23T03:24:23.000Z,128.31072,34.072935,0,4830
2019-02-23T03:24:41.000Z,128.311817,34.073716999999995,0,4950
2019-02-23T03:24:53.000Z,128.312605,34.074263,0,5010
2019-02-23T03:25:06.000Z,128.31348300000002,34.074842,0,5140
2019-02-23T03:25:17.000Z,128.31423999999998,34.075307,28,5310
2019-02-23T03:25:17.000Z,128.31423999999998,34.075307,28,5310
2019-02-23T03:25:17.000Z,128.31423999999998,34.075307,28,5310
2019-02-23T03:25:23.000Z,128.31471299999998,34.075602,0,5290
2019-02-23T03:25:36.000Z,128.315502,34.07612,0,5160
2019-02-23T03:25:41.000Z,128.315825,34.076343,0,5060
2019-02-23T03:25:53.000Z,128.316598,34.076892,0,5010
2019-02-23T03:26:06.000Z,128.31743500000002,34.077462,0,5010
2019-02-23T03:26:17.000Z,128.31813799999998,34.07795,0,5020
2019-02-23T03:26:29.000Z,128.318963,34.078522,0,5010
2019-02-23T03:26:36.000Z,128.31935,34.078782000000004,0,5010
2019-02-23T03:26:41.000Z,128.319675,34.078998,0,5010
2019-02-23T03:26:53.000Z,128.320438,34.079532,0,4970
2019-02-23T03:27:06.000Z,128.321258,34.080122,27,4900
2019-02-23T03:27:06.000Z,128.321258,34.080122,27,4900
2019-02-23T03:27:06.000Z,128.321258,34.080122,27,4900
2019-02-23T03:27:17.000Z,128.321938,34.080628000000004,0,4840
2019-02-23T03:27:29.000Z,128.32275,34.081223,0,4840
2019-02-23T03:27:41.000Z,128.32343500000002,34.081734999999995,0,4870
2019-02-23T03:27:53.000Z,128.324183,34.082272,0,4910
2019-02-23T03:28:06.000Z,128.324997,34.082855,0,4890
2019-02-23T03:28:17.000Z,128.325678,34.083355,0,4830
2019-02-23T03:28:29.000Z,128.326483,34.08396,0,4760
2019-02-23T03:28:41.000Z,128.32717,34.08449,0,4670
2019-02-23T03:28:47.000Z,128.32753799999998,34.084790000000005,0,4640
2019-02-23T03:28:54.000Z,128.327953,34.085122,0,4670
2019-02-23T03:29:06.000Z,128.328665,34.085685,0,4680
2019-02-23T03:29:17.000Z,128.329327,34.086205,27,4710
2019-02-23T03:29:17.000Z,128.329327,34.086205,27,4710
2019-02-23T03:29:17.000Z,128.329327,34.086205,27,4710
2019-02-23T03:29:29.000Z,128.330103,34.086802,0,4720
2019-02-23T03:29:35.000Z,128.33046299999998,34.087092,0,4710
2019-02-23T03:29:41.000Z,128.33076,34.087332,0,4690
2019-02-23T03:29:47.000Z,128.33111499999998,34.087602000000004,0,4690
2019-02-23T03:29:54.000Z,128.33153,34.087927,0,4680
2019-02-23T03:29:59.000Z,128.331885,34.088205,0,4670
2019-02-23T03:30:06.000Z,128.332247,34.088488,0,4680
2019-02-23T03:30:12.000Z,128.332607,34.088770000000004,0,4680
2019-02-23T03:30:17.000Z,128.33296299999998,34.089042,0,4680
2019-02-23T03:30:29.000Z,128.333672,34.089595,0,4660
2019-02-23T03:30:41.000Z,128.334317,34.09011,0,4620
2019-02-23T03:30:54.000Z,128.335083,34.090715,0,4670
2019-02-23T03:30:59.000Z,128.335437,34.090992,0,4680
2019-02-23T03:31:06.000Z,128.335793,34.091262,0,4700
2019-02-23T03:31:17.000Z,128.336527,34.091805,0,4760
2019-02-23T03:31:29.000Z,128.33725,34.092352000000005,27,4760
2019-02-23T03:31:29.000Z,128.33725,34.092352000000005,27,4760
2019-02-23T03:31:29.000Z,128.33725,34.092352000000005,27,4760
2019-02-23T03:31:41.000Z,128.33791200000002,34.092852,0,4750
2019-02-23T03:31:47.000Z,128.338273,34.093123,0,4750
2019-02-23T03:31:54.000Z,128.338698,34.093442,0,4760
2019-02-23T03:32:06.000Z,128.33943,34.093992,0,4780
2019-02-23T03:32:17.000Z,128.340168,34.094557,0,4780
2019-02-23T03:32:29.000Z,128.34089699999998,34.095098,0,4770
2019-02-23T03:32:41.000Z,128.341562,34.095593,0,4790
2019-02-23T03:32:47.000Z,128.34192,34.09587,0,4790
2019-02-23T03:32:54.000Z,128.342343,34.096193,0,4810
2019-02-23T03:33:06.000Z,128.343078,34.096747,0,4830
2019-02-23T03:33:17.000Z,128.34377,34.097273,0,4840
2019-02-23T03:33:29.000Z,128.344575,34.097868,0,4850
2019-02-23T03:33:41.000Z,128.34526499999998,34.098362,0,4840
2019-02-23T03:33:54.000Z,128.346077,34.098943,0,4850
2019-02-23T03:33:59.000Z,128.346455,34.09921,0,4850
2019-02-23T03:34:06.000Z,128.34681799999998,34.099488,0,4870
2019-02-23T03:34:11.000Z,128.34719199999998,34.099765000000005,0,4840
2019-02-23T03:34:17.000Z,128.347503,34.099998,0,4860
2019-02-23T03:34:29.000Z,128.34831,34.100595,0,4800
2019-02-23T03:34:41.000Z,128.348985,34.1011,0,4850
2019-02-23T03:34:47.000Z,128.349412,34.101425,0,4860
2019-02-23T03:34:54.000Z,128.34978,34.101698,0,4880
2019-02-23T03:34:59.000Z,128.350152,34.101968,0,4920
2019-02-23T03:35:06.000Z,128.350527,34.10224,0,4950
2019-02-23T03:35:11.000Z,128.35090300000002,34.102512,0,4940
2019-02-23T03:35:23.000Z,128.351653,34.103053,0,4920
2019-02-23T03:35:29.000Z,128.352018,34.103312,27,4910
2019-02-23T03:35:29.000Z,128.352018,34.103312,27,4910
2019-02-23T03:35:29.000Z,128.352018,34.103312,27,4910
2019-02-23T03:35:41.000Z,128.35269499999998,34.103797,0,4900
2019-02-23T03:35:47.000Z,128.353128,34.104107,0,4920
2019-02-23T03:35:54.000Z,128.353502,34.104377,0,4910
2019-02-23T03:36:11.000Z,128.354622,34.105188,0,4900
2019-02-23T03:36:17.000Z,128.354935,34.105417,0,4900
2019-02-23T03:36:29.000Z,128.35576,34.106003,0,4930
2019-02-23T03:36:41.000Z,128.35647,34.106478,0,4960
2019-02-23T03:36:47.000Z,128.356855,34.106743,0,4970
2019-02-23T03:36:54.000Z,128.357302,34.107057,0,4970
2019-02-23T03:37:06.000Z,128.358077,34.107587,0,4980
2019-02-23T03:37:17.000Z,128.35878799999998,34.108068,0,4980
2019-02-23T03:37:29.000Z,128.359607,34.10865,0,5000
2019-02-23T03:37:41.000Z,128.36031200000002,34.109138,0,5000
2019-02-23T03:37:47.000Z,128.360697,34.109408,0,5000
2019-02-23T03:37:53.000Z,128.36113999999998,34.109725,0,4980
2019-02-23T03:38:00.000Z,128.361515,34.11,0,4990
2019-02-23T03:38:17.000Z,128.362608,34.11076,0,4970
2019-02-23T03:38:29.000Z,128.36343,34.111345,0,4940
2019-02-23T03:38:41.000Z,128.364138,34.111862,0,4960
2019-02-23T03:38:47.000Z,128.36452,34.112138,0,4950
2019-02-23T03:38:53.000Z,128.36496499999998,34.112466999999995,0,4960
2019-02-23T03:39:00.000Z,128.365355,34.112735,0,4980
2019-02-23T03:39:05.000Z,128.365682,34.112963,0,4980
2019-02-23T03:39:11.000Z,128.366137,34.11328,0,4990
2019-02-23T03:39:17.000Z,128.366458,34.113505,27,5000
2019-02-23T03:39:17.000Z,128.366458,34.113505,27,5000
2019-02-23T03:39:17.000Z,128.366458,34.113505,27,5000
2019-02-23T03:39:29.000Z,128.367297,34.114090000000004,0,5010
2019-02-23T03:39:41.000Z,128.368005,34.114587,0,5010
2019-02-23T03:39:53.000Z,128.368842,34.115173,0,5010
2019-02-23T03:40:00.000Z,128.369227,34.115443,0,4990
2019-02-23T03:40:05.000Z,128.369547,34.11567,0,4990
2019-02-23T03:40:17.000Z,128.37033200000002,34.116227,0,4980
2019-02-23T03:40:29.000Z,128.37108999999998,34.116763,0,4970
2019-02-23T03:40:41.000Z,128.371848,34.117298,0,4980
2019-02-23T03:40:47.000Z,128.372297,34.117607,0,4970
2019-02-23T03:40:53.000Z,128.372682,34.117877,0,4980
2019-02-23T03:40:59.000Z,128.373068,34.118145,0,4980
2019-02-23T03:41:05.000Z,128.37339,34.11837,0,4990
2019-02-23T03:41:11.000Z,128.373842,34.118683000000004,0,5000
2019-02-23T03:41:17.000Z,128.374227,34.118955,0,5010
2019-02-23T03:41:35.000Z,128.375388,34.11976,0,5050
2019-02-23T03:41:41.000Z,128.37571200000002,34.119982,0,5070
2019-02-23T03:41:47.000Z,128.376172,34.120290000000004,0,5040
2019-02-23T03:41:53.000Z,128.37656,34.120557,0,4990
2019-02-23T03:41:59.000Z,128.376935,34.120832,0,4950
2019-02-23T03:42:17.000Z,128.378062,34.121665,0,4840
2019-02-23T03:42:29.000Z,128.378742,34.122188,0,4760
2019-02-23T03:42:41.000Z,128.379495,34.122767,0,4680
2019-02-23T03:42:47.000Z,128.379932,34.123103,0,4680
2019-02-23T03:42:53.000Z,128.38024,34.123343,0,4690
2019-02-23T03:43:05.000Z,128.380975,34.123915000000004,0,4700
2019-02-23T03:43:11.000Z,128.381403,34.124248,0,4700
2019-02-23T03:43:17.000Z,128.381777,34.124542,0,4680
2019-02-23T03:43:23.000Z,128.38208500000002,34.124788,27,4670
2019-02-23T03:43:23.000Z,128.38208500000002,34.124788,27,4670
2019-02-23T03:43:23.000Z,128.38208500000002,34.124788,27,4670
2019-02-23T03:43:29.000Z,128.382458,34.125093,0,4660
2019-02-23T03:43:41.000Z,128.383203,34.12568,0,4630
2019-02-23T03:43:47.000Z,128.383638,34.126022,0,4660
2019-02-23T03:43:53.000Z,128.38395,34.126273,0,4700
2019-02-23T03:44:05.000Z,128.38468500000002,34.126867,0,4640
2019-02-23T03:44:11.000Z,128.3851,34.127208,0,4560
2019-02-23T03:44:17.000Z,128.385457,34.127520000000004,0,4510
2019-02-23T03:44:29.000Z,128.386107,34.12807,0,4460
2019-02-23T03:44:41.000Z,128.386822,34.128677,0,4460
2019-02-23T03:44:47.000Z,128.387232,34.129028000000005,0,4420
2019-02-23T03:44:53.000Z,128.387522,34.129275,0,4390
2019-02-23T03:45:06.000Z,128.38831000000002,34.129962,0,4390
2019-02-23T03:45:11.000Z,128.388675,34.130287,0,4380
2019-02-23T03:45:17.000Z,128.389032,34.130603,28,4380
2019-02-23T03:45:17.000Z,128.389032,34.130603,28,4380
2019-02-23T03:45:17.000Z,128.389032,34.130603,28,4380
2019-02-23T03:45:29.000Z,128.389677,34.131172,0,4390
2019-02-23T03:45:41.000Z,128.390367,34.131783,0,4330
2019-02-23T03:45:53.000Z,128.391053,34.132392,0,4280
2019-02-23T03:45:59.000Z,128.391477,34.132738,0,4360
2019-02-23T03:46:06.000Z,128.391845,34.133027,0,4410
2019-02-23T03:46:11.000Z,128.3922,34.133327,0,4440
2019-02-23T03:46:17.000Z,128.39255500000002,34.133627000000004,0,4500
2019-02-23T03:46:29.000Z,128.393228,34.134177,0,4560
2019-02-23T03:46:36.000Z,128.39365700000002,34.134528,0,4630
2019-02-23T03:46:41.000Z,128.393975,34.134763,0,4730
2019-02-23T03:46:53.000Z,128.394753,34.135333,0,4760
2019-02-23T03:46:59.000Z,128.395203,34.135670000000005,0,4750
2019-02-23T03:47:06.000Z,128.395578,34.135965,0,4750
2019-02-23T03:47:12.000Z,128.395957,34.136258000000005,0,4750
2019-02-23T03:47:17.000Z,128.39633700000002,34.136548,0,4770
2019-02-23T03:47:23.000Z,128.396653,34.136787,28,4790
2019-02-23T03:47:23.000Z,128.396653,34.136787,28,4790
2019-02-23T03:47:23.000Z,128.396653,34.136787,28,4790
2019-02-23T03:47:29.000Z,128.39703500000002,34.13707,0,4810
2019-02-23T03:47:36.000Z,128.39748500000002,34.137402,0,4830
2019-02-23T03:47:41.000Z,128.397805,34.137637,0,4850
2019-02-23T03:47:53.000Z,128.39864,34.138247,0,4860
2019-02-23T03:47:59.000Z,128.399025,34.13853,0,4860
2019-02-23T03:48:06.000Z,128.399412,34.138813,0,4860
2019-02-23T03:48:12.000Z,128.399798,34.139093,0,4860
2019-02-23T03:48:17.000Z,128.400122,34.139325,0,4850
2019-02-23T03:48:24.000Z,128.40057,34.13965,0,4850
2019-02-23T03:48:29.000Z,128.400893,34.139885,0,4870
2019-02-23T03:48:36.000Z,128.401345,34.140213,0,4860
2019-02-23T03:48:41.000Z,128.401668,34.140448,0,4860
2019-02-23T03:48:53.000Z,128.402512,34.141068,0,4840
2019-02-23T03:48:59.000Z,128.4029,34.141357,0,4840
2019-02-23T03:49:06.000Z,128.40329,34.141647,0,4830
2019-02-23T03:49:12.000Z,128.40368,34.141937,0,4820
2019-02-23T03:49:17.000Z,128.404002,34.142178,28,4810
2019-02-23T03:49:17.000Z,128.404002,34.142178,28,4810
2019-02-23T03:49:17.000Z,128.404002,34.142178,28,4810
2019-02-23T03:49:24.000Z,128.404453,34.142513,0,4810
2019-02-23T03:49:29.000Z,128.404772,34.14275,0,4810
2019-02-23T03:49:36.000Z,128.405233,34.143075,0,4810
2019-02-23T03:49:41.000Z,128.405548,34.143315,0,4820
2019-02-23T03:49:53.000Z,128.406385,34.143932,0,4810
2019-02-23T03:49:59.000Z,128.406782,34.144213,0,4820
2019-02-23T03:50:06.000Z,128.407167,34.144496999999994,0,4830
2019-02-23T03:50:12.000Z,128.407557,34.144777000000005,0,4810
2019-02-23T03:50:17.000Z,128.407878,34.145013,0,4830
2019-02-23T03:50:29.000Z,128.408648,34.145592,0,4820
2019-02-23T03:50:41.000Z,128.409423,34.146177,0,4870
2019-02-23T03:50:48.000Z,128.40986999999998,34.14652,0,4870
2019-02-23T03:50:53.000Z,128.410257,34.146808,0,4880
2019-02-23T03:50:59.000Z,128.410648,34.147092,0,4900
2019-02-23T03:51:06.000Z,128.41107,34.14739,0,4900
2019-02-23T03:51:12.000Z,128.411458,34.147703,0,4880
2019-02-23T03:51:17.000Z,128.411775,34.147946999999995,0,4870
2019-02-23T03:51:24.000Z,128.41222,34.148283,0,4830
2019-02-23T03:51:29.000Z,128.41253999999998,34.148522,28,4790
2019-02-23T03:51:29.000Z,128.41253999999998,34.148522,28,4790
2019-02-23T03:51:29.000Z,128.41253999999998,34.148522,28,4790
2019-02-23T03:51:41.000Z,128.413313,34.149108,0,4730
2019-02-23T03:51:48.000Z,128.413753,34.149462,0,4670
2019-02-23T03:51:53.000Z,128.41413500000002,34.149758,0,4650
2019-02-23T03:52:00.000Z,128.414508,34.15006,0,4660
2019-02-23T03:52:05.000Z,128.414818,34.15031,0,4650
2019-02-23T03:52:12.000Z,128.415267,34.150648,0,4680
2019-02-23T03:52:17.000Z,128.415643,34.15094000000001,0,4690
2019-02-23T03:52:24.000Z,128.41603700000002,34.151222,0,4670
2019-02-23T03:52:29.000Z,128.41635,34.151467,0,4660
2019-02-23T03:52:41.000Z,128.41709699999998,34.152065,0,4630
2019-02-23T03:52:53.000Z,128.417895,34.152715,0,4630
2019-02-23T03:53:00.000Z,128.418275,34.153005,0,4640
2019-02-23T03:53:05.000Z,128.41859,34.153245,0,4640
2019-02-23T03:53:17.000Z,128.419397,34.153877,0,4640
2019-02-23T03:53:29.000Z,128.420078,34.15442,0,4650
2019-02-23T03:53:41.000Z,128.420825,34.155021999999995,0,4630
2019-02-23T03:53:47.000Z,128.421268,34.155375,0,4650
2019-02-23T03:53:53.000Z,128.42165,34.155672,0,4630
2019-02-23T03:54:05.000Z,128.422335,34.15623,0,4620
2019-02-23T03:54:11.000Z,128.42271000000002,34.156537,0,4620
2019-02-23T03:54:17.000Z,128.423155,34.1569,0,4620
2019-02-23T03:54:24.000Z,128.42354,34.157183,0,4610
2019-02-23T03:54:29.000Z,128.423857,34.157418,0,4620
2019-02-23T03:54:41.000Z,128.4246,34.158008,0,4630
2019-02-23T03:55:00.000Z,128.42578500000002,34.158933000000005,0,4650
2019-02-23T03:55:05.000Z,128.426098,34.15917,0,4670
2019-02-23T03:55:17.000Z,128.426918,34.159808,0,4690
2019-02-23T03:55:24.000Z,128.427302,34.16011,0,4700
2019-02-23T03:55:29.000Z,128.42762,34.160357,28,4700
2019-02-23T03:55:29.000Z,128.42762,34.160357,28,4700
2019-02-23T03:55:29.000Z,128.42762,34.160357,28,4700
2019-02-23T03:55:35.000Z,128.428002,34.160652,0,4700
2019-02-23T03:55:41.000Z,128.428382,34.160934999999995,0,4710
2019-02-23T03:55:53.000Z,128.42915,34.16153,0,4710
2019-02-23T03:55:59.000Z,128.429532,34.161832000000004,0,4720
2019-02-23T03:56:05.000Z,128.429915,34.162108,0,4730
2019-02-23T03:56:17.000Z,128.43074,34.16274,0,4740
2019-02-23T03:56:24.000Z,128.43112,34.163022999999995,0,4730
2019-02-23T03:56:29.000Z,128.43143700000002,34.163258,0,4730
2019-02-23T03:56:35.000Z,128.431818,34.163542,0,4740
2019-02-23T03:56:41.000Z,128.432202,34.163841999999995,0,4750
2019-02-23T03:56:47.000Z,128.43265,34.164192,0,4760
2019-02-23T03:56:53.000Z,128.43296999999998,34.164438,0,4760
2019-02-23T03:57:05.000Z,128.43373799999998,34.16502,0,4780
2019-02-23T03:57:11.000Z,128.43418799999998,34.165372,0,4760
2019-02-23T03:57:24.000Z,128.43496000000002,34.16598,0,4750
2019-02-23T03:57:29.000Z,128.43528,34.166233,0,4730
2019-02-23T03:57:36.000Z,128.435727,34.166582,0,4730
2019-02-23T03:57:41.000Z,128.436112,34.166868,0,4740
2019-02-23T03:57:53.000Z,128.436815,34.167407,0,4750
2019-02-23T03:57:59.000Z,128.4372,34.167697,0,4760
2019-02-23T03:58:06.000Z,128.437648,34.168043,0,4750
2019-02-23T03:58:29.000Z,128.43912,34.169158,0,4750
2019-02-23T03:58:41.000Z,128.439948,34.169777,0,4740
2019-02-23T03:58:47.000Z,128.440333,34.170072,0,4730
2019-02-23T03:58:53.000Z,128.440652,34.170315,0,4730
2019-02-23T03:59:06.000Z,128.441483,34.170942,28,4740
2019-02-23T03:59:06.000Z,128.441483,34.170942,28,4740
2019-02-23T03:59:06.000Z,128.441483,34.170942,28,4740
2019-02-23T03:59:24.000Z,128.442633,34.171808,0,4770
2019-02-23T03:59:29.000Z,128.442955,34.172047,0,4800
2019-02-23T03:59:41.000Z,128.443795,34.172688,0,4810
2019-02-23T03:59:47.000Z,128.444175,34.172982,0,4750
2019-02-23T03:59:53.000Z,128.444492,34.173227000000004,0,4720
2019-02-23T03:59:59.000Z,128.444867,34.173547,0,4660
2019-02-23T04:00:06.000Z,128.445293,34.173875,0,4610
2019-02-23T04:00:11.000Z,128.445662,34.174163,0,4590
2019-02-23T04:00:24.000Z,128.44638999999998,34.174788,0,4470
2019-02-23T04:00:29.000Z,128.44669,34.175055,0,4410
2019-02-23T04:00:36.000Z,128.447105,34.175415,0,4370
2019-02-23T04:00:47.000Z,128.447817,34.176018,0,4370
2019-02-23T04:00:59.000Z,128.448472,34.176578000000006,0,4390
2019-02-23T04:01:11.000Z,128.44925,34.177257,0,4390
2019-02-23T04:01:29.000Z,128.450262,34.178143,28,4370
2019-02-23T04:01:29.000Z,128.450262,34.178143,28,4370
2019-02-23T04:01:29.000Z,128.450262,34.178143,28,4370
2019-02-23T04:01:36.000Z,128.450682,34.178517,0,4340
2019-02-23T04:01:41.000Z,128.451042,34.17884,0,4350
2019-02-23T04:01:47.000Z,128.4514,34.179143,0,4350
2019-02-23T04:01:53.000Z,128.451755,34.179453,0,4340
2019-02-23T04:01:59.000Z,128.452053,34.1797,0,4340
2019-02-23T04:02:06.000Z,128.45246699999998,34.180046999999995,0,4360
2019-02-23T04:02:11.000Z,128.452822,34.180352,0,4370
2019-02-23T04:02:18.000Z,128.453182,34.180667,0,4380
2019-02-23T04:02:24.000Z,128.45353799999998,34.180966999999995,0,4400
2019-02-23T04:02:29.000Z,128.45383700000002,34.18122,0,4390
2019-02-23T04:02:41.000Z,128.45455,34.181835,0,4390
2019-02-23T04:02:47.000Z,128.454963,34.182195,0,4360
2019-02-23T04:02:53.000Z,128.45532,34.182497,0,4360
2019-02-23T04:02:59.000Z,128.455618,34.182753000000005,0,4380
2019-02-23T04:03:06.000Z,128.45603300000002,34.183115,0,4370
2019-02-23T04:03:11.000Z,128.456392,34.183423,0,4380
2019-02-23T04:03:17.000Z,128.45668999999998,34.183683,0,4390
2019-02-23T04:03:24.000Z,128.457107,34.184043,0,4400
2019-02-23T04:03:29.000Z,128.45740700000002,34.184302,0,4390
2019-02-23T04:03:36.000Z,128.457823,34.184663,0,4390
2019-02-23T04:03:41.000Z,128.458123,34.18492,0,4410
2019-02-23T04:03:47.000Z,128.458542,34.185283,0,4410
2019-02-23T04:03:53.000Z,128.4589,34.185592,0,4390
2019-02-23T04:03:59.000Z,128.459197,34.18585,0,4400
2019-02-23T04:04:05.000Z,128.459553,34.186158,0,4390
2019-02-23T04:04:17.000Z,128.460268,34.186782,0,4380
2019-02-23T04:04:23.000Z,128.46063,34.187092,0,4390
2019-02-23T04:04:29.000Z,128.46098700000002,34.187403,0,4390
2019-02-23T04:04:36.000Z,128.461407,34.187765,0,4410
2019-02-23T04:04:41.000Z,128.46170800000002,34.188023,0,4420
2019-02-23T04:04:47.000Z,128.462128,34.188390000000005,0,4410
2019-02-23T04:04:53.000Z,128.46249,34.188703000000004,0,4410
2019-02-23T04:04:59.000Z,128.46278999999998,34.188963,0,4420
2019-02-23T04:05:05.000Z,128.463153,34.1893,0,4400
2019-02-23T04:05:11.000Z,128.463512,34.189617,0,4390
2019-02-23T04:05:17.000Z,128.46387,34.18992,0,4400
2019-02-23T04:05:23.000Z,128.46423,34.190222,0,4400
2019-02-23T04:05:29.000Z,128.46458,34.190517,28,4410
2019-02-23T04:05:29.000Z,128.46458,34.190517,28,4410
2019-02-23T04:05:29.000Z,128.46458,34.190517,28,4410
2019-02-23T04:05:41.000Z,128.46528500000002,34.191118,0,4410
2019-02-23T04:05:47.000Z,128.46571200000002,34.19148,0,4420
2019-02-23T04:05:53.000Z,128.466017,34.191738,0,4430
2019-02-23T04:06:00.000Z,128.46643999999998,34.1921,0,4420
2019-02-23T04:06:05.000Z,128.466735,34.19235,0,4430
2019-02-23T04:06:11.000Z,128.467095,34.192655,0,4440
2019-02-23T04:06:17.000Z,128.467457,34.192965,0,4430
2019-02-23T04:06:23.000Z,128.46781299999998,34.193272,0,4420
2019-02-23T04:06:29.000Z,128.46818000000002,34.193587,0,4420
2019-02-23T04:06:36.000Z,128.468593,34.193943,0,4410
2019-02-23T04:06:41.000Z,128.468868,34.194183,0,4410
2019-02-23T04:06:47.000Z,128.469293,34.194542,0,4420
2019-02-23T04:06:53.000Z,128.46958500000002,34.194796999999994,0,4410
2019-02-23T04:07:00.000Z,128.47,34.195153000000005,0,4410
2019-02-23T04:07:05.000Z,128.470303,34.195409999999995,0,4430
2019-02-23T04:07:11.000Z,128.470665,34.195718,0,4400
2019-02-23T04:07:17.000Z,128.471035,34.196053000000006,0,4400
2019-02-23T04:07:23.000Z,128.471402,34.196357,0,4420
2019-02-23T04:07:29.000Z,128.47177299999998,34.196677,0,4410
2019-02-23T04:07:36.000Z,128.47221000000002,34.197042,0,4420
2019-02-23T04:07:41.000Z,128.472522,34.1973,0,4440
2019-02-23T04:07:47.000Z,128.47295,34.197658000000004,0,4440
2019-02-23T04:07:53.000Z,128.473248,34.19791,0,4440
2019-02-23T04:08:00.000Z,128.47366,34.198253,0,4440
2019-02-23T04:08:05.000Z,128.47395500000002,34.198507,0,4440
2019-02-23T04:08:11.000Z,128.474322,34.198813,0,4440
2019-02-23T04:08:17.000Z,128.47468500000002,34.199125,0,4430
2019-02-23T04:08:23.000Z,128.475055,34.199438,0,4440
2019-02-23T04:08:29.000Z,128.475425,34.199757,0,4430
2019-02-23T04:08:36.000Z,128.47585700000002,34.200133,0,4420
2019-02-23T04:08:41.000Z,128.476163,34.200395,0,4430
2019-02-23T04:08:47.000Z,128.47658700000002,34.200758,0,4430
2019-02-23T04:08:53.000Z,128.476892,34.201018,0,4420
2019-02-23T04:09:00.000Z,128.477318,34.201383,0,4440
2019-02-23T04:09:05.000Z,128.477623,34.201643,0,4450
2019-02-23T04:09:11.000Z,128.477995,34.201963,0,4460
2019-02-23T04:09:17.000Z,128.478368,34.202273,0,4490
2019-02-23T04:09:23.000Z,128.47873700000002,34.202572,0,4490
2019-02-23T04:09:29.000Z,128.479103,34.202878000000005,28,4490
2019-02-23T04:09:29.000Z,128.479103,34.202878000000005,28,4490
2019-02-23T04:09:29.000Z,128.479103,34.202878000000005,28,4490
2019-02-23T04:09:41.000Z,128.479838,34.203475,0,4490
2019-02-23T04:09:47.000Z,128.480268,34.203847,0,4480
2019-02-23T04:09:53.000Z,128.480577,34.204143,0,4470
2019-02-23T04:10:00.000Z,128.481007,34.204515,0,4460
2019-02-23T04:10:05.000Z,128.481313,34.204768,0,4450
2019-02-23T04:10:11.000Z,128.48168,34.205077,0,4430
2019-02-23T04:10:18.000Z,128.482112,34.205442,0,4440
2019-02-23T04:10:23.000Z,128.482418,34.205702,0,4440
2019-02-23T04:10:29.000Z,128.482783,34.206008000000004,0,4450
2019-02-23T04:10:41.000Z,128.483517,34.20661,0,4480
2019-02-23T04:10:47.000Z,128.483938,34.206958,0,4470
2019-02-23T04:10:53.000Z,128.48424,34.207207000000004,0,4470
2019-02-23T04:11:00.000Z,128.484662,34.207552,0,4460
2019-02-23T04:11:05.000Z,128.48496200000002,34.207802,0,4450
2019-02-23T04:11:11.000Z,128.485322,34.208103,0,4430
2019-02-23T04:11:18.000Z,128.485743,34.20845300000001,0,4440
2019-02-23T04:11:23.000Z,128.486043,34.208707000000004,0,4430
2019-02-23T04:11:30.000Z,128.48646499999998,34.209065,0,4440
2019-02-23T04:11:36.000Z,128.486828,34.209368,0,4450
2019-02-23T04:11:41.000Z,128.48713,34.209627000000005,0,4450
2019-02-23T04:11:54.000Z,128.487922,34.210295,0,4460
2019-02-23T04:12:00.000Z,128.48828999999998,34.210603000000006,0,4470
2019-02-23T04:12:05.000Z,128.48859299999998,34.210862,0,4460
2019-02-23T04:12:11.000Z,128.488955,34.21117,0,4460
2019-02-23T04:12:18.000Z,128.48938,34.21153,0,4450
2019-02-23T04:12:23.000Z,128.48968200000002,34.211787,0,4440
2019-02-23T04:12:30.000Z,128.490103,34.212145,0,4440
2019-02-23T04:12:36.000Z,128.49046299999998,34.212452,0,4430
2019-02-23T04:12:41.000Z,128.49076499999998,34.212705,0,4430
2019-02-23T04:12:47.000Z,128.491128,34.213007,0,4450
2019-02-23T04:12:54.000Z,128.491548,34.213365,0,4440
2019-02-23T04:13:00.000Z,128.49191000000002,34.213668,0,4440
2019-02-23T04:13:05.000Z,128.49221200000002,34.213922,0,4460
2019-02-23T04:13:11.000Z,128.492573,34.214227,0,4450
2019-02-23T04:13:18.000Z,128.492998,34.214582,0,4450
2019-02-23T04:13:23.000Z,128.493302,34.21483,28,4460
2019-02-23T04:13:23.000Z,128.493302,34.21483,28,4460
2019-02-23T04:13:23.000Z,128.493302,34.21483,28,4460
2019-02-23T04:13:30.000Z,128.493723,34.21519,0,4440
2019-02-23T04:13:36.000Z,128.49408799999998,34.215497,0,4440
2019-02-23T04:13:41.000Z,128.494392,34.215752,0,4450
2019-02-23T04:13:47.000Z,128.49475800000002,34.216058000000004,0,4440
2019-02-23T04:13:54.000Z,128.49518500000002,34.21642,0,4440
2019-02-23T04:13:59.000Z,128.495553,34.216732,0,4460
2019-02-23T04:14:05.000Z,128.495858,34.216987,0,4450
2019-02-23T04:14:11.000Z,128.496225,34.217298,0,4450
2019-02-23T04:14:17.000Z,128.49665,34.217659999999995,0,4460
2019-02-23T04:14:23.000Z,128.496955,34.217917,0,4460
2019-02-23T04:14:30.000Z,128.49738200000002,34.218275,0,4460
2019-02-23T04:14:36.000Z,128.497745,34.218582,0,4450
2019-02-23T04:14:41.000Z,128.49805,34.218835,0,4450
2019-02-23T04:14:47.000Z,128.498417,34.21914,0,4460
2019-02-23T04:14:54.000Z,128.49884699999998,34.219495,0,4440
2019-02-23T04:14:59.000Z,128.499215,34.219802,0,4450
2019-02-23T04:15:05.000Z,128.49952,34.220057000000004,0,4470
2019-02-23T04:15:11.000Z,128.499948,34.220418,0,4450
2019-02-23T04:15:17.000Z,128.500317,34.22073,0,4450
2019-02-23T04:15:23.000Z,128.500623,34.22099,0,4450
2019-02-23T04:15:30.000Z,128.50105,34.221352,0,4450
2019-02-23T04:15:36.000Z,128.50141200000002,34.221658000000005,0,4440
2019-02-23T04:15:41.000Z,128.50171799999998,34.221912,0,4460
2019-02-23T04:15:47.000Z,128.502083,34.222218,0,4460
2019-02-23T04:15:54.000Z,128.502508,34.22258,0,4460
2019-02-23T04:15:59.000Z,128.502875,34.222887,0,4480
2019-02-23T04:16:05.000Z,128.503182,34.22314,0,4510
2019-02-23T04:16:11.000Z,128.503613,34.2235,0,4500
2019-02-23T04:16:17.000Z,128.503982,34.223808,0,4490
2019-02-23T04:16:30.000Z,128.504718,34.224428,0,4490
2019-02-23T04:16:35.000Z,128.505085,34.224738,0,4470
2019-02-23T04:16:41.000Z,128.505392,34.224993,0,4500
2019-02-23T04:16:47.000Z,128.505758,34.2253,0,4490
2019-02-23T04:16:54.000Z,128.506182,34.225653,0,4480
2019-02-23T04:16:59.000Z,128.506553,34.225957,0,4520
2019-02-23T04:17:06.000Z,128.506922,34.226258,0,4520
2019-02-23T04:17:11.000Z,128.507292,34.22656,0,4510
2019-02-23T04:17:17.000Z,128.507662,34.226862,0,4530
2019-02-23T04:17:23.000Z,128.507973,34.227117,0,4530
2019-02-23T04:17:29.000Z,128.50840300000002,34.227475,28,4510
2019-02-23T04:17:29.000Z,128.50840300000002,34.227475,28,4510
2019-02-23T04:17:29.000Z,128.50840300000002,34.227475,28,4510
2019-02-23T04:17:41.000Z,128.509082,34.228035,0,4500
2019-02-23T04:17:47.000Z,128.509448,34.228342,0,4490
2019-02-23T04:17:53.000Z,128.509818,34.228643,0,4490
2019-02-23T04:17:59.000Z,128.51025,34.228997,0,4510
2019-02-23T04:18:06.000Z,128.510618,34.229303,0,4510
2019-02-23T04:18:11.000Z,128.510987,34.22961,0,4510
2019-02-23T04:18:17.000Z,128.511358,34.229917,0,4520
2019-02-23T04:18:23.000Z,128.511667,34.230172,0,4510
2019-02-23T04:18:29.000Z,128.512103,34.230532000000004,0,4520
2019-02-23T04:18:41.000Z,128.512792,34.231105,0,4520
2019-02-23T04:18:47.000Z,128.513165,34.231413,0,4520
2019-02-23T04:18:53.000Z,128.51353799999998,34.231722999999995,0,4530
2019-02-23T04:18:59.000Z,128.513977,34.232082,0,4540
2019-02-23T04:19:06.000Z,128.514352,34.232388,0,4550
2019-02-23T04:19:11.000Z,128.514728,34.232695,0,4550
2019-02-23T04:19:17.000Z,128.515103,34.232997,0,4550
2019-02-23T04:19:22.000Z,128.515415,34.23325,0,4550
2019-02-23T04:19:29.000Z,128.515848,34.233608000000004,0,4530
2019-02-23T04:19:35.000Z,128.51621799999998,34.233912,0,4520
2019-02-23T04:19:41.000Z,128.516525,34.234165000000004,0,4510
2019-02-23T04:19:53.000Z,128.51726499999998,34.23477800000001,0,4500
2019-02-23T04:19:59.000Z,128.51769299999998,34.235133000000005,0,4490
2019-02-23T04:20:06.000Z,128.518058,34.235440000000004,0,4480
2019-02-23T04:20:17.000Z,128.518788,34.236053000000005,0,4470
2019-02-23T04:20:29.000Z,128.51951499999998,34.236663,0,4490
2019-02-23T04:20:35.000Z,128.519818,34.236917,0,4480
2019-02-23T04:20:41.000Z,128.520183,34.237223,0,4460
2019-02-23T04:20:47.000Z,128.520547,34.237535,0,4420
2019-02-23T04:20:53.000Z,128.520912,34.237837,0,4450
2019-02-23T04:20:59.000Z,128.521348,34.238184999999994,0,4520
2019-02-23T04:21:06.000Z,128.521728,34.238485,0,4570
2019-02-23T04:21:11.000Z,128.52211200000002,34.238795,0,4620
2019-02-23T04:21:17.000Z,128.522427,34.23905300000001,0,4670
2019-02-23T04:21:29.000Z,128.5232,34.23965,28,4720
2019-02-23T04:21:29.000Z,128.5232,34.23965,28,4720
2019-02-23T04:21:29.000Z,128.5232,34.23965,28,4720
2019-02-23T04:21:35.000Z,128.523588,34.239945,0,4780
2019-02-23T04:21:41.000Z,128.52398,34.240233,0,4840
2019-02-23T04:21:47.000Z,128.52437700000002,34.240517,0,4910
2019-02-23T04:21:53.000Z,128.52478,34.240797,0,4960
2019-02-23T04:22:06.000Z,128.525642,34.241413,0,4910
2019-02-23T04:22:11.000Z,128.526043,34.241695,0,4960
2019-02-23T04:22:17.000Z,128.526377,34.241925,0,4970
2019-02-23T04:22:29.000Z,128.52718000000002,34.242487,0,4960
2019-02-23T04:22:42.000Z,128.52803799999998,34.243109999999994,0,4900
2019-02-23T04:22:47.000Z,128.528367,34.243347,0,4870
2019-02-23T04:22:53.000Z,128.52875500000002,34.243627000000004,0,4850
2019-02-23T04:23:06.000Z,128.52958999999998,34.244248,0,4740
2019-02-23T04:23:11.000Z,128.529908,34.24449,0,4720
2019-02-23T04:23:17.000Z,128.53028799999998,34.24478,0,4720
2019-02-23T04:23:29.000Z,128.531047,34.245363,0,4730
2019-02-23T04:23:35.000Z,128.531428,34.245652,0,4750
2019-02-23T04:23:42.000Z,128.531873,34.24599,0,4740
2019-02-23T04:23:53.000Z,128.532572,34.246534999999994,0,4720
2019-02-23T04:24:06.000Z,128.533407,34.247187,0,4670
2019-02-23T04:24:11.000Z,128.533728,34.247435,0,4670
2019-02-23T04:24:17.000Z,128.534113,34.247737,0,4660
2019-02-23T04:24:35.000Z,128.535273,34.248693,0,4660
2019-02-23T04:24:42.000Z,128.53571499999998,34.249037,0,4660
2019-02-23T04:24:53.000Z,128.536477,34.249638,0,4660
2019-02-23T04:25:05.000Z,128.53723,34.250212,0,4660
2019-02-23T04:25:11.000Z,128.537552,34.250463,0,4650
2019-02-23T04:25:17.000Z,128.537937,34.25077,0,4670
2019-02-23T04:25:29.000Z,128.538778,34.251397,28,4690
2019-02-23T04:25:29.000Z,128.538778,34.251397,28,4690
2019-02-23T04:25:29.000Z,128.538778,34.251397,28,4690
2019-02-23T04:25:42.000Z,128.53955,34.251993,0,4700
2019-02-23T04:25:53.000Z,128.54031799999998,34.25258,0,4710
2019-02-23T04:26:05.000Z,128.54108,34.253177,0,4730
2019-02-23T04:26:11.000Z,128.54140800000002,34.253435,0,4740
2019-02-23T04:26:17.000Z,128.5418,34.253713,0,4750
2019-02-23T04:26:24.000Z,128.542258,34.254045,0,4760
2019-02-23T04:26:29.000Z,128.542645,34.254333,0,4760
2019-02-23T04:26:35.000Z,128.54296499999998,34.254575,0,4760
2019-02-23T04:26:42.000Z,128.54342,34.25492,0,4760
2019-02-23T04:26:48.000Z,128.543805,34.255213,0,4770
2019-02-23T04:26:53.000Z,128.544183,34.255503000000004,0,4760
2019-02-23T04:27:05.000Z,128.54498,34.2561,0,4780
2019-02-23T04:27:11.000Z,128.545307,34.256347,0,4760
2019-02-23T04:27:17.000Z,128.545697,34.256646999999994,0,4750
2019-02-23T04:27:24.000Z,128.546153,34.257,0,4780
2019-02-23T04:27:29.000Z,128.546538,34.257292,0,4770
2019-02-23T04:27:35.000Z,128.54686,34.257537,0,4760
2019-02-23T04:27:48.000Z,128.547708,34.258182,0,4770
2019-02-23T04:27:53.000Z,128.5481,34.258487,0,4760
2019-02-23T04:28:05.000Z,128.54888,34.259062,0,4780
2019-02-23T04:28:11.000Z,128.549202,34.259307,0,4770
2019-02-23T04:28:17.000Z,128.549593,34.259573,0,4780
2019-02-23T04:28:24.000Z,128.55005,34.259902000000004,0,4800
2019-02-23T04:28:29.000Z,128.55043999999998,34.260193,0,4790
2019-02-23T04:28:36.000Z,128.550828,34.260495,0,4800
2019-02-23T04:28:41.000Z,128.55122,34.260788,0,4800
2019-02-23T04:28:48.000Z,128.55161,34.261078000000005,0,4790
2019-02-23T04:28:53.000Z,128.55200000000002,34.261371999999994,0,4800
2019-02-23T04:29:06.000Z,128.552778,34.26195,0,4790
2019-02-23T04:29:11.000Z,128.553103,34.262198,0,4790
2019-02-23T04:29:17.000Z,128.553495,34.262505,29,4780
2019-02-23T04:29:17.000Z,128.553495,34.262505,29,4780
2019-02-23T04:29:17.000Z,128.553495,34.262505,29,4780
2019-02-23T04:29:29.000Z,128.554338,34.263141999999995,0,4780
2019-02-23T04:29:36.000Z,128.55473,34.263443,0,4770
2019-02-23T04:29:41.000Z,128.555115,34.263743,0,4780
2019-02-23T04:29:48.000Z,128.55551,34.264038,0,4800
2019-02-23T04:29:53.000Z,128.55591,34.264325,0,4810
2019-02-23T04:30:06.000Z,128.556703,34.264907,0,4820
2019-02-23T04:30:11.000Z,128.55703,34.265148,0,4820
2019-02-23T04:30:17.000Z,128.557433,34.265462,0,4820
2019-02-23T04:30:24.000Z,128.557903,34.265815,0,4830
2019-02-23T04:30:29.000Z,128.5583,34.26611,0,4820
2019-02-23T04:30:41.000Z,128.559093,34.266712,0,4810
2019-02-23T04:30:48.000Z,128.55948700000002,34.267007,0,4800
2019-02-23T04:30:53.000Z,128.55988200000002,34.267298,0,4810
2019-02-23T04:31:00.000Z,128.560263,34.267582,0,4790
2019-02-23T04:31:17.000Z,128.561407,34.268418,0,4780
2019-02-23T04:31:24.000Z,128.561792,34.268713,0,4740
2019-02-23T04:31:29.000Z,128.562183,34.269,0,4780
2019-02-23T04:31:36.000Z,128.56256299999998,34.269298,0,4770
2019-02-23T04:31:41.000Z,128.56296,34.26959,0,4760
2019-02-23T04:31:48.000Z,128.563355,34.269884999999995,0,4790
2019-02-23T04:31:53.000Z,128.563748,34.27018,0,4780
2019-02-23T04:32:00.000Z,128.56413500000002,34.270478000000004,0,4740
2019-02-23T04:32:06.000Z,128.564527,34.270778,0,4780
2019-02-23T04:32:17.000Z,128.565303,34.271375,0,4730
2019-02-23T04:32:24.000Z,128.5657,34.271652,0,4760
2019-02-23T04:32:29.000Z,128.56608300000002,34.271947,0,4760
2019-02-23T04:32:36.000Z,128.566472,34.272242,0,4740
2019-02-23T04:32:41.000Z,128.56686000000002,34.272532,0,4790
2019-02-23T04:32:47.000Z,128.56718500000002,34.272772,0,4800
2019-02-23T04:32:53.000Z,128.567645,34.273108,0,4780
2019-02-23T04:33:06.000Z,128.568425,34.273698,0,4800
2019-02-23T04:33:11.000Z,128.568817,34.273995,0,4760
2019-02-23T04:33:17.000Z,128.56921,34.274295,0,4770
2019-02-23T04:33:23.000Z,128.569545,34.27453,0,4780
2019-02-23T04:33:29.000Z,128.56993300000002,34.274832,0,4750
2019-02-23T04:33:35.000Z,128.570378,34.275175,29,4750
2019-02-23T04:33:35.000Z,128.570378,34.275175,29,4750
2019-02-23T04:33:35.000Z,128.570378,34.275175,29,4750
2019-02-23T04:33:41.000Z,128.57076999999998,34.275467,0,4760
2019-02-23T04:33:47.000Z,128.57109,34.275717,0,4760
2019-02-23T04:33:53.000Z,128.571542,34.276070000000004,0,4770
2019-02-23T04:34:00.000Z,128.571935,34.276371999999995,0,4790
2019-02-23T04:34:06.000Z,128.572335,34.276672999999995,0,4780
2019-02-23T04:34:17.000Z,128.573123,34.277247,0,4800
2019-02-23T04:34:29.000Z,128.573845,34.277787,0,4800
2019-02-23T04:34:35.000Z,128.57431,34.278123,0,4820
2019-02-23T04:34:41.000Z,128.574627,34.278383000000005,0,4820
2019-02-23T04:34:47.000Z,128.57502,34.278678,0,4810
2019-02-23T04:34:53.000Z,128.575482,34.279022,0,4820
2019-02-23T04:35:00.000Z,128.57588,34.279317,0,4820
2019-02-23T04:35:06.000Z,128.576277,34.279618,0,4790
2019-02-23T04:35:17.000Z,128.577045,34.280202,0,4780
2019-02-23T04:35:23.000Z,128.577375,34.28045,0,4750
2019-02-23T04:35:29.000Z,128.57776,34.28075,0,4750
2019-02-23T04:35:35.000Z,128.578218,34.281093,0,4780
2019-02-23T04:35:41.000Z,128.578543,34.281345,0,4750
2019-02-23T04:35:47.000Z,128.578938,34.281652,0,4750
2019-02-23T04:35:53.000Z,128.579398,34.281997,0,4780
2019-02-23T04:36:00.000Z,128.579795,34.282292,0,4750
2019-02-23T04:36:05.000Z,128.580122,34.282537,0,4740
2019-02-23T04:36:11.000Z,128.580578,34.282882,0,4760
2019-02-23T04:36:17.000Z,128.580975,34.283177,0,4730
2019-02-23T04:36:23.000Z,128.58129499999998,34.283428,0,4710
2019-02-23T04:36:29.000Z,128.581692,34.283722,0,4740
2019-02-23T04:36:41.000Z,128.582463,34.284318,0,4700
2019-02-23T04:36:47.000Z,128.582855,34.284617,0,4730
2019-02-23T04:36:54.000Z,128.583325,34.28496,0,4730
2019-02-23T04:37:00.000Z,128.58371499999998,34.285267,0,4720
2019-02-23T04:37:05.000Z,128.584045,34.285517,0,4740
2019-02-23T04:37:11.000Z,128.584503,34.285867,0,4750
2019-02-23T04:37:17.000Z,128.584895,34.286167,0,4740
2019-02-23T04:37:23.000Z,128.585227,34.28642,0,4740
2019-02-23T04:37:29.000Z,128.585613,34.286727,0,4740
2019-02-23T04:37:35.000Z,128.58607,34.287073,0,4720
2019-02-23T04:37:41.000Z,128.58639499999998,34.28733,0,4720
2019-02-23T04:37:47.000Z,128.58678500000002,34.287632,29,4730
2019-02-23T04:37:47.000Z,128.58678500000002,34.287632,29,4730
2019-02-23T04:37:47.000Z,128.58678500000002,34.287632,29,4730
2019-02-23T04:37:53.000Z,128.58723,34.287982,0,4720
2019-02-23T04:38:05.000Z,128.587973,34.288528,0,4740
2019-02-23T04:38:11.000Z,128.588437,34.288878000000004,0,4750
2019-02-23T04:38:17.000Z,128.58883799999998,34.289173,0,4730
2019-02-23T04:38:23.000Z,128.58916499999998,34.289427,0,4740
2019-02-23T04:38:29.000Z,128.589568,34.289732,0,4750
2019-02-23T04:38:35.000Z,128.590035,34.290083,0,4730
2019-02-23T04:38:41.000Z,128.590367,34.29033,0,4760
2019-02-23T04:38:47.000Z,128.590755,34.290632,0,4770
2019-02-23T04:38:53.000Z,128.591223,34.290978,0,4720
2019-02-23T04:39:00.000Z,128.591608,34.291282,0,4740
2019-02-23T04:39:05.000Z,128.59194499999998,34.291525,0,4760
2019-02-23T04:39:11.000Z,128.592398,34.291872,0,4700
2019-02-23T04:39:17.000Z,128.592795,34.292177,0,4710
2019-02-23T04:39:23.000Z,128.59311200000002,34.292432,0,4710
2019-02-23T04:39:29.000Z,128.5935,34.292738,0,4680
2019-02-23T04:39:35.000Z,128.593947,34.293097,0,4700
2019-02-23T04:39:41.000Z,128.594275,34.293357,0,4690
2019-02-23T04:39:53.000Z,128.595118,34.294025,0,4660
2019-02-23T04:40:05.000Z,128.59585800000002,34.294562,0,4610
2019-02-23T04:40:11.000Z,128.59631000000002,34.294915,0,4600
2019-02-23T04:40:17.000Z,128.596697,34.295225,0,4600
2019-02-23T04:40:23.000Z,128.59702,34.295478,0,4560
2019-02-23T04:40:29.000Z,128.597395,34.295803,0,4550
2019-02-23T04:40:35.000Z,128.597848,34.296163,0,4540
2019-02-23T04:40:41.000Z,128.598172,34.296427,0,4520
2019-02-23T04:40:47.000Z,128.59855,34.296767,0,4470
2019-02-23T04:40:53.000Z,128.59896,34.29714,0,4450
2019-02-23T04:41:00.000Z,128.599327,34.297458,0,4420
2019-02-23T04:41:05.000Z,128.599633,34.297737,0,4390
2019-02-23T04:41:12.000Z,128.600087,34.298115,0,4390
2019-02-23T04:41:17.000Z,128.60043000000002,34.298445,0,4380
2019-02-23T04:41:23.000Z,128.600725,34.298705,0,4360
2019-02-23T04:41:29.000Z,128.601147,34.299078,0,4370
2019-02-23T04:41:35.000Z,128.601527,34.299387,0,4390
2019-02-23T04:41:41.000Z,128.601848,34.29965,0,4360
2019-02-23T04:41:47.000Z,128.602217,34.299988,29,4380
2019-02-23T04:41:47.000Z,128.602217,34.299988,29,4380
2019-02-23T04:41:47.000Z,128.602217,34.299988,29,4380
2019-02-23T04:41:54.000Z,128.60265800000002,34.300367,0,4390
2019-02-23T04:41:59.000Z,128.602977,34.300625,0,4380
2019-02-23T04:42:05.000Z,128.60335700000002,34.300933,0,4400
2019-02-23T04:42:12.000Z,128.603797,34.301298,0,4410
2019-02-23T04:42:17.000Z,128.60416999999998,34.301613,0,4410
2019-02-23T04:42:23.000Z,128.60447,34.301883000000004,0,4410
2019-02-23T04:42:29.000Z,128.604898,34.302255,0,4430
2019-02-23T04:42:35.000Z,128.60526299999998,34.302572,0,4450
2019-02-23T04:42:41.000Z,128.60557,34.302833,0,4430
2019-02-23T04:42:47.000Z,128.605947,34.303137,0,4460
2019-02-23T04:42:54.000Z,128.606373,34.303505,0,4490
2019-02-23T04:42:59.000Z,128.60668,34.303775,0,4480
2019-02-23T04:43:05.000Z,128.607053,34.304088,0,4490
2019-02-23T04:43:12.000Z,128.607493,34.30445,0,4520
2019-02-23T04:43:17.000Z,128.60787,34.304763,0,4510
2019-02-23T04:43:23.000Z,128.608173,34.305043,0,4520
2019-02-23T04:43:29.000Z,128.608613,34.305413,0,4550
2019-02-23T04:43:35.000Z,128.608992,34.305727000000005,0,4540
2019-02-23T04:43:41.000Z,128.60931200000002,34.305978,0,4530
2019-02-23T04:43:47.000Z,128.609702,34.306268,0,4560
2019-02-23T04:43:54.000Z,128.610135,34.306647,0,4560
2019-02-23T04:44:05.000Z,128.610835,34.307207,0,4570
2019-02-23T04:44:12.000Z,128.611268,34.307575,0,4570
2019-02-23T04:44:17.000Z,128.61164499999998,34.307877000000005,0,4550
2019-02-23T04:44:23.000Z,128.611962,34.308122999999995,0,4550
2019-02-23T04:44:29.000Z,128.612395,34.308488,0,4560
2019-02-23T04:44:35.000Z,128.612762,34.3088,0,4530
2019-02-23T04:44:41.000Z,128.61308,34.309027,0,4510
2019-02-23T04:44:47.000Z,128.61352,34.309378,0,4520
2019-02-23T04:44:54.000Z,128.613888,34.309705,0,4500
2019-02-23T04:44:59.000Z,128.614202,34.309953,0,4490
2019-02-23T04:45:05.000Z,128.614585,34.310253,0,4500
2019-02-23T04:45:11.000Z,128.614963,34.310573,0,4500
2019-02-23T04:45:17.000Z,128.6154,34.310945000000004,0,4500
2019-02-23T04:45:23.000Z,128.615713,34.3112,0,4500
2019-02-23T04:45:29.000Z,128.61615,34.31156,29,4490
2019-02-23T04:45:29.000Z,128.61615,34.31156,29,4490
2019-02-23T04:45:29.000Z,128.61615,34.31156,29,4490
2019-02-23T04:45:35.000Z,128.616518,34.311878,0,4490
2019-02-23T04:45:41.000Z,128.61683,34.312142,0,4480
2019-02-23T04:45:47.000Z,128.61726000000002,34.312512,0,4480
2019-02-23T04:45:54.000Z,128.617633,34.312825,0,4470
2019-02-23T04:45:59.000Z,128.617943,34.313078000000004,0,4460
2019-02-23T04:46:05.000Z,128.618318,34.313385,0,4480
2019-02-23T04:46:18.000Z,128.619127,34.314045,0,4490
2019-02-23T04:46:23.000Z,128.619503,34.314352,0,4500
2019-02-23T04:46:29.000Z,128.61987299999998,34.314662,0,4500
2019-02-23T04:46:35.000Z,128.620252,34.314957,0,4510
2019-02-23T04:46:41.000Z,128.620565,34.315238,0,4510
2019-02-23T04:46:47.000Z,128.621005,34.315613,0,4520
2019-02-23T04:46:54.000Z,128.621378,34.315908,0,4520
2019-02-23T04:46:59.000Z,128.621692,34.316146999999994,0,4530
2019-02-23T04:47:05.000Z,128.622065,34.316443,0,4520
2019-02-23T04:47:11.000Z,128.622438,34.316773,0,4520
2019-02-23T04:47:18.000Z,128.622875,34.317113,0,4500
2019-02-23T04:47:23.000Z,128.623252,34.317408,0,4480
2019-02-23T04:47:29.000Z,128.62362199999998,34.317708,0,4500
2019-02-23T04:47:35.000Z,128.62399,34.318018,0,4500
2019-02-23T04:47:41.000Z,128.624298,34.318305,0,4490
2019-02-23T04:47:54.000Z,128.6251,34.318962,0,4500
2019-02-23T04:47:59.000Z,128.625407,34.319213,0,4480
2019-02-23T04:48:05.000Z,128.625833,34.319568,0,4480
2019-02-23T04:48:11.000Z,128.626142,34.319821999999995,0,4490
2019-02-23T04:48:18.000Z,128.626575,34.320177,0,4470
2019-02-23T04:48:23.000Z,128.626942,34.320483,0,4470
2019-02-23T04:48:29.000Z,128.627307,34.320792,0,4480
2019-02-23T04:48:41.000Z,128.627993,34.321357,0,4470
2019-02-23T04:48:47.000Z,128.628438,34.321712,0,4480
2019-02-23T04:48:53.000Z,128.62874,34.321977000000004,0,4480
2019-02-23T04:49:05.000Z,128.62954299999998,34.322657,0,4490
2019-02-23T04:49:11.000Z,128.62985700000002,34.32291,0,4500
2019-02-23T04:49:18.000Z,128.630295,34.323263,0,4510
2019-02-23T04:49:23.000Z,128.630663,34.323572,28,4530
2019-02-23T04:49:23.000Z,128.630663,34.323572,28,4530
2019-02-23T04:49:23.000Z,128.630663,34.323572,28,4530
2019-02-23T04:49:29.000Z,128.631035,34.323873,0,4540
2019-02-23T04:49:35.000Z,128.631403,34.324182,0,4530
2019-02-23T04:49:42.000Z,128.63177,34.324488,0,4510
2019-02-23T04:49:53.000Z,128.632455,34.325042,0,4500
2019-02-23T04:49:59.000Z,128.632818,34.325355,0,4490
2019-02-23T04:50:05.000Z,128.63324699999998,34.325717,0,4480
2019-02-23T04:50:11.000Z,128.63358799999997,34.326042,0,4480
2019-02-23T04:50:18.000Z,128.634027,34.32646,0,4480
2019-02-23T04:50:24.000Z,128.634407,34.326777,0,4480
2019-02-23T04:50:29.000Z,128.634782,34.327082,0,4490
2019-02-23T04:50:35.000Z,128.63515800000002,34.327378,0,4510
2019-02-23T04:50:41.000Z,128.635468,34.327632,0,4500
2019-02-23T04:50:47.000Z,128.635823,34.327948,0,4480
2019-02-23T04:50:53.000Z,128.636178,34.32827,0,4490
2019-02-23T04:50:59.000Z,128.636537,34.328558,0,4480
2019-02-23T04:51:05.000Z,128.636967,34.328883000000005,0,4490
2019-02-23T04:51:11.000Z,128.637273,34.329123,0,4500
2019-02-23T04:51:18.000Z,128.637708,34.329462,0,4500
2019-02-23T04:51:24.000Z,128.638078,34.329762,0,4500
2019-02-23T04:51:29.000Z,128.638437,34.33007,0,4500
2019-02-23T04:51:35.000Z,128.638747,34.33032,0,4490
2019-02-23T04:51:41.000Z,128.639122,34.33061,0,4500
2019-02-23T04:51:47.000Z,128.639485,34.330913,0,4500
2019-02-23T04:51:53.000Z,128.639857,34.331216999999995,0,4510
2019-02-23T04:51:59.000Z,128.640228,34.331525,0,4500
2019-02-23T04:52:05.000Z,128.64067,34.331873,0,4510
2019-02-23T04:52:11.000Z,128.64098700000002,34.332122,0,4520
2019-02-23T04:52:18.000Z,128.64141999999998,34.332478,0,4520
2019-02-23T04:52:24.000Z,128.641788,34.332785,0,4520
2019-02-23T04:52:29.000Z,128.642157,34.333092,0,4520
2019-02-23T04:52:35.000Z,128.64246799999998,34.33334,0,4520
2019-02-23T04:52:41.000Z,128.642843,34.33364,0,4530
2019-02-23T04:52:53.000Z,128.643595,34.334243,0,4520
2019-02-23T04:53:05.000Z,128.644343,34.334862,0,4490
2019-02-23T04:53:11.000Z,128.64472,34.335175,0,4500
2019-02-23T04:53:18.000Z,128.645157,34.335542,0,4510
2019-02-23T04:53:24.000Z,128.64553,34.335853,0,4510
2019-02-23T04:53:29.000Z,128.645903,34.336163,0,4520
2019-02-23T04:53:35.000Z,128.64621499999998,34.336417,29,4550
2019-02-23T04:53:35.000Z,128.64621499999998,34.336417,29,4550
2019-02-23T04:53:35.000Z,128.64621499999998,34.336417,29,4550
2019-02-23T04:53:41.000Z,128.64658799999998,34.336727,0,4550
2019-02-23T04:53:53.000Z,128.647335,34.337343,0,4570
2019-02-23T04:54:05.000Z,128.648083,34.33797,0,4540
2019-02-23T04:54:11.000Z,128.64846,34.338283000000004,0,4540
2019-02-23T04:54:17.000Z,128.64883500000002,34.3386,0,4540
2019-02-23T04:54:23.000Z,128.649272,34.338967,0,4530
2019-02-23T04:54:29.000Z,128.649642,34.339277,0,4540
2019-02-23T04:54:35.000Z,128.649955,34.339535,0,4540
2019-02-23T04:54:41.000Z,128.650327,34.339843,0,4540
2019-02-23T04:54:53.000Z,128.65106799999998,34.34046,0,4530
2019-02-23T04:54:59.000Z,128.6515,34.340822,0,4530
2019-02-23T04:55:05.000Z,128.65180800000002,34.341082,0,4520
2019-02-23T04:55:11.000Z,128.652182,34.341393,0,4520
2019-02-23T04:55:17.000Z,128.652555,34.341707,0,4530
2019-02-23T04:55:23.000Z,128.65299,34.342068,0,4510
2019-02-23T04:55:30.000Z,128.65336299999998,34.342375,0,4520
2019-02-23T04:55:35.000Z,128.653673,34.34263,0,4510
2019-02-23T04:55:41.000Z,128.654043,34.342937,0,4520
2019-02-23T04:55:47.000Z,128.654417,34.343238,0,4520
2019-02-23T04:55:53.000Z,128.65479,34.343540000000004,0,4520
2019-02-23T04:55:59.000Z,128.655223,34.343895,0,4520
2019-02-23T04:56:05.000Z,128.65553,34.344148,0,4520
2019-02-23T04:56:11.000Z,128.655903,34.344453,0,4500
2019-02-23T04:56:17.000Z,128.656272,34.344758,0,4500
2019-02-23T04:56:23.000Z,128.656703,34.345112,0,4490
2019-02-23T04:56:30.000Z,128.657072,34.345417,0,4480
2019-02-23T04:56:41.000Z,128.657812,34.34602,0,4510
2019-02-23T04:56:47.000Z,128.658185,34.346318,0,4510
2019-02-23T04:56:53.000Z,128.658493,34.346565000000005,0,4530
2019-02-23T04:56:59.000Z,128.65893,34.346912,0,4530
2019-02-23T04:57:05.000Z,128.65923999999998,34.347163,0,4520
2019-02-23T04:57:17.000Z,128.659985,34.347777,0,4530
2019-02-23T04:57:23.000Z,128.66042,34.348138,28,4510
2019-02-23T04:57:23.000Z,128.66042,34.348138,28,4510
2019-02-23T04:57:23.000Z,128.66042,34.348138,28,4510
2019-02-23T04:57:30.000Z,128.66079299999998,34.348447,0,4520
2019-02-23T04:57:35.000Z,128.661105,34.348703,0,4530
2019-02-23T04:57:41.000Z,128.66154,34.349059999999994,0,4520
2019-02-23T04:57:47.000Z,128.661913,34.349368,0,4530
2019-02-23T04:57:53.000Z,128.662227,34.34962,0,4540
2019-02-23T04:57:59.000Z,128.66266299999998,34.349975,0,4540
2019-02-23T04:58:05.000Z,128.662973,34.350228,0,4550
2019-02-23T04:58:11.000Z,128.663347,34.350533,0,4540
2019-02-23T04:58:17.000Z,128.663718,34.350840000000005,0,4520
2019-02-23T04:58:23.000Z,128.66415700000002,34.351198,0,4530
2019-02-23T04:58:30.000Z,128.664527,34.351505,0,4510
2019-02-23T04:58:35.000Z,128.66483799999997,34.351763,0,4500
2019-02-23T04:58:41.000Z,128.665272,34.35212,0,4510
2019-02-23T04:58:47.000Z,128.66564,34.352425,0,4510
2019-02-23T04:58:53.000Z,128.66595,34.352678000000004,0,4500
2019-02-23T04:58:59.000Z,128.66638,34.353032,0,4530
2019-02-23T04:59:05.000Z,128.666688,34.353282,0,4520
2019-02-23T04:59:11.000Z,128.667055,34.353587,0,4500
2019-02-23T04:59:17.000Z,128.667427,34.35389,0,4530
2019-02-23T04:59:23.000Z,128.667857,34.354245,0,4510
2019-02-23T04:59:30.000Z,128.668227,34.354555,0,4490
2019-02-23T04:59:35.000Z,128.66853500000002,34.35481,0,4510
2019-02-23T04:59:41.000Z,128.668963,34.355167,0,4510
2019-02-23T04:59:47.000Z,128.669332,34.355473,0,4500
2019-02-23T04:59:53.000Z,128.669702,34.355775,0,4530
2019-02-23T04:59:59.000Z,128.670072,34.35608,0,4530
2019-02-23T05:00:05.000Z,128.670378,34.356333,0,4510
2019-02-23T05:00:11.000Z,128.670752,34.356635,0,4540
2019-02-23T05:00:17.000Z,128.671187,34.35699,0,4550
2019-02-23T05:00:23.000Z,128.671558,34.357295,0,4520
2019-02-23T05:00:30.000Z,128.671927,34.357598,0,4520
2019-02-23T05:00:35.000Z,128.67223700000002,34.357852,0,4530
2019-02-23T05:00:41.000Z,128.672662,34.358205,0,4500
2019-02-23T05:00:47.000Z,128.67302800000002,34.358508,0,4490
2019-02-23T05:00:53.000Z,128.673398,34.35881,0,4510
2019-02-23T05:00:59.000Z,128.67376299999998,34.359115,0,4500
2019-02-23T05:01:04.000Z,128.67407,34.359367,0,4480
2019-02-23T05:01:11.000Z,128.674497,34.359722,0,4500
2019-02-23T05:01:16.000Z,128.674868,34.360025,0,4500
2019-02-23T05:01:23.000Z,128.675175,34.360278,0,4490
2019-02-23T05:01:30.000Z,128.67560500000002,34.360640000000004,0,4500
2019-02-23T05:01:35.000Z,128.675912,34.360896999999994,0,4510
2019-02-23T05:01:41.000Z,128.67628,34.361205,28,4510
2019-02-23T05:01:41.000Z,128.67628,34.361205,28,4510
2019-02-23T05:01:41.000Z,128.67628,34.361205,28,4510
2019-02-23T05:01:53.000Z,128.677085,34.361873,0,4530
2019-02-23T05:01:59.000Z,128.677453,34.362178,0,4530
2019-02-23T05:02:05.000Z,128.67776,34.362432,0,4530
2019-02-23T05:02:12.000Z,128.67818799999998,34.362783,0,4540
2019-02-23T05:02:17.000Z,128.67856,34.363085,0,4560
2019-02-23T05:02:30.000Z,128.679302,34.363695,0,4560
2019-02-23T05:02:35.000Z,128.67961,34.363952000000005,0,4560
2019-02-23T05:02:41.000Z,128.67998300000002,34.364258,0,4550
2019-02-23T05:02:48.000Z,128.680417,34.364622999999995,0,4540
2019-02-23T05:02:53.000Z,128.68079,34.36493,0,4560
2019-02-23T05:02:59.000Z,128.681163,34.365233,0,4550
2019-02-23T05:03:05.000Z,128.68147,34.365487,0,4540
2019-02-23T05:03:12.000Z,128.681907,34.365842,0,4550
2019-02-23T05:03:17.000Z,128.682275,34.366143,0,4540
2019-02-23T05:03:30.000Z,128.683017,34.36675,0,4530
2019-02-23T05:03:36.000Z,128.68339,34.367055,0,4530
2019-02-23T05:03:41.000Z,128.683698,34.367305,0,4530
2019-02-23T05:03:48.000Z,128.684135,34.367655,0,4530
2019-02-23T05:03:53.000Z,128.68451000000002,34.367955,0,4540
2019-02-23T05:03:59.000Z,128.684878,34.368257,0,4540
2019-02-23T05:04:12.000Z,128.685622,34.368865,0,4540
2019-02-23T05:04:17.000Z,128.685992,34.369178000000005,0,4520
2019-02-23T05:04:30.000Z,128.686738,34.369795,0,4510
2019-02-23T05:04:36.000Z,128.687112,34.370102,0,4510
2019-02-23T05:04:48.000Z,128.68786200000002,34.370712,0,4550
2019-02-23T05:04:53.000Z,128.688172,34.370965000000005,0,4540
2019-02-23T05:04:59.000Z,128.688612,34.371318,0,4570
2019-02-23T05:05:05.000Z,128.688988,34.37162,0,4580
2019-02-23T05:05:17.000Z,128.689737,34.37223,0,4550
2019-02-23T05:05:23.000Z,128.690048,34.372477,0,4560
2019-02-23T05:05:29.000Z,128.690478,34.372833,0,4530
2019-02-23T05:05:30.000Z,128.690478,34.372833,28,4530
2019-02-23T05:05:30.000Z,128.690478,34.372833,28,4530
2019-02-23T05:05:30.000Z,128.690478,34.372833,28,4530
2019-02-23T05:05:41.000Z,128.69117,34.373372,0,4540
2019-02-23T05:05:53.000Z,128.691923,34.373958,0,4540
2019-02-23T05:06:05.000Z,128.692718,34.374621999999995,0,4560
2019-02-23T05:06:12.000Z,128.69308999999998,34.374932,0,4550
2019-02-23T05:06:18.000Z,128.693462,34.375238,0,4560
2019-02-23T05:06:23.000Z,128.693772,34.375493,0,4550
2019-02-23T05:06:29.000Z,128.694205,34.37585,0,4540
2019-02-23T05:06:36.000Z,128.694583,34.376153,0,4560
2019-02-23T05:06:41.000Z,128.694902,34.376402,0,4560
2019-02-23T05:06:48.000Z,128.69533700000002,34.376758,0,4550
2019-02-23T05:06:53.000Z,128.695647,34.377016999999995,0,4590
2019-02-23T05:07:05.000Z,128.69644499999998,34.37769,0,4550
2019-02-23T05:07:12.000Z,128.696822,34.377992,0,4570
2019-02-23T05:07:18.000Z,128.697195,34.378293,0,4560
2019-02-23T05:07:24.000Z,128.697568,34.378595000000004,0,4540
2019-02-23T05:07:30.000Z,128.69794199999998,34.3789,0,4560
2019-02-23T05:07:36.000Z,128.69831200000002,34.379203000000004,0,4550
2019-02-23T05:07:41.000Z,128.698622,34.379457,0,4540
2019-02-23T05:07:47.000Z,128.698992,34.379763,0,4540
2019-02-23T05:07:53.000Z,128.699368,34.380067,0,4550
2019-02-23T05:08:05.000Z,128.700172,34.380727,0,4520
2019-02-23T05:08:12.000Z,128.70054299999998,34.381028,0,4510
2019-02-23T05:08:18.000Z,128.70091200000002,34.381335,0,4500
2019-02-23T05:08:24.000Z,128.701285,34.381638,0,4510
2019-02-23T05:08:30.000Z,128.701662,34.381941999999995,0,4530
2019-02-23T05:08:36.000Z,128.70203500000002,34.382243,0,4530
2019-02-23T05:08:41.000Z,128.702345,34.382497,0,4540
2019-02-23T05:08:47.000Z,128.702718,34.382803,0,4550
2019-02-23T05:08:53.000Z,128.703092,34.383105,0,4550
2019-02-23T05:09:05.000Z,128.703902,34.383759999999995,0,4550
2019-02-23T05:09:11.000Z,128.704277,34.384062,0,4550
2019-02-23T05:09:18.000Z,128.704652,34.384368,0,4550
2019-02-23T05:09:24.000Z,128.705025,34.384675,28,4550
2019-02-23T05:09:24.000Z,128.705025,34.384675,28,4550
2019-02-23T05:09:24.000Z,128.705025,34.384675,28,4550
2019-02-23T05:09:29.000Z,128.705337,34.384928,0,4560
2019-02-23T05:09:35.000Z,128.705772,34.385285,0,4560
2019-02-23T05:09:41.000Z,128.706085,34.385542,0,4560
2019-02-23T05:09:47.000Z,128.706455,34.385848,0,4550
2019-02-23T05:09:53.000Z,128.706828,34.386152,0,4550
2019-02-23T05:10:05.000Z,128.707642,34.386807,0,4560
2019-02-23T05:10:11.000Z,128.708023,34.387108000000005,0,4580
2019-02-23T05:10:18.000Z,128.708403,34.387407,0,4590
2019-02-23T05:10:24.000Z,128.708782,34.387705,0,4600
2019-02-23T05:10:29.000Z,128.709095,34.387957,0,4600
2019-02-23T05:10:35.000Z,128.70954,34.388307,0,4610
2019-02-23T05:10:41.000Z,128.709858,34.38856,0,4620
2019-02-23T05:10:53.000Z,128.710685,34.389228,0,4630
2019-02-23T05:11:05.000Z,128.711443,34.389855,0,4580
2019-02-23T05:11:17.000Z,128.71213999999998,34.390407,0,4590
2019-02-23T05:11:23.000Z,128.712582,34.390755,0,4560
2019-02-23T05:11:29.000Z,128.712905,34.390997,0,4580
2019-02-23T05:11:35.000Z,128.713345,34.391358000000004,0,4570
2019-02-23T05:11:41.000Z,128.713663,34.391612,0,4550
2019-02-23T05:11:47.000Z,128.714043,34.391913,0,4560
2019-02-23T05:11:53.000Z,128.714483,34.392268,0,4560
2019-02-23T05:12:11.000Z,128.71560300000002,34.393205,0,4550
2019-02-23T05:12:17.000Z,128.71591,34.393473,0,4530
2019-02-23T05:12:24.000Z,128.716345,34.393843,0,4550
2019-02-23T05:12:29.000Z,128.716658,34.394103,0,4550
2019-02-23T05:12:41.000Z,128.717413,34.39472,0,4550
2019-02-23T05:12:47.000Z,128.71778799999998,34.395033000000005,0,4540
2019-02-23T05:12:53.000Z,128.718227,34.395393,0,4550
2019-02-23T05:13:05.000Z,128.718913,34.395959999999995,0,4540
2019-02-23T05:13:17.000Z,128.719675,34.396543,0,4560
2019-02-23T05:13:22.000Z,128.720113,34.396893,0,4560
2019-02-23T05:13:24.000Z,128.720113,34.396893,29,4560
2019-02-23T05:13:24.000Z,128.720113,34.396893,29,4560
2019-02-23T05:13:24.000Z,128.720113,34.396893,29,4560
2019-02-23T05:13:29.000Z,128.720433,34.39714,0,4570
2019-02-23T05:13:35.000Z,128.720877,34.397495,0,4580
2019-02-23T05:13:41.000Z,128.721202,34.397735,0,4570
2019-02-23T05:13:47.000Z,128.721583,34.398047,0,4580
2019-02-23T05:13:53.000Z,128.722027,34.39839,0,4610
2019-02-23T05:13:59.000Z,128.72234,34.398648,0,4600
2019-02-23T05:14:05.000Z,128.722713,34.398965000000004,0,4600
2019-02-23T05:14:11.000Z,128.723093,34.399278,0,4620
2019-02-23T05:14:17.000Z,128.72348300000002,34.399578000000005,0,4620
2019-02-23T05:14:24.000Z,128.72393200000002,34.399933000000004,0,4620
2019-02-23T05:14:29.000Z,128.72425,34.400193,0,4640
2019-02-23T05:14:35.000Z,128.72468999999998,34.400553,0,4620
2019-02-23T05:14:41.000Z,128.725008,34.400802,0,4590
2019-02-23T05:14:47.000Z,128.725395,34.401097,0,4600
2019-02-23T05:14:53.000Z,128.72583999999998,34.401445,0,4600
2019-02-23T05:15:05.000Z,128.72653200000002,34.401996999999994,0,4590
2019-02-23T05:15:11.000Z,128.726912,34.4023,0,4590
2019-02-23T05:15:17.000Z,128.72728500000002,34.402613,0,4580
2019-02-23T05:15:24.000Z,128.72773,34.402975,0,4580
2019-02-23T05:15:29.000Z,128.72805,34.403232,0,4580
2019-02-23T05:15:35.000Z,128.728493,34.403588,0,4570
2019-02-23T05:15:41.000Z,128.728808,34.403845000000004,0,4570
2019-02-23T05:15:47.000Z,128.72924799999998,34.404203,0,4570
2019-02-23T05:15:53.000Z,128.729633,34.404515,0,4590
2019-02-23T05:16:05.000Z,128.730332,34.40508,0,4600
2019-02-23T05:16:11.000Z,128.730715,34.40538,0,4610
2019-02-23T05:16:17.000Z,128.731097,34.405685,0,4610
2019-02-23T05:16:24.000Z,128.731537,34.406040000000004,0,4610
2019-02-23T05:16:29.000Z,128.731853,34.406298,0,4600
2019-02-23T05:16:47.000Z,128.733053,34.407262,0,4580
2019-02-23T05:16:53.000Z,128.73343300000002,34.407567,0,4560
2019-02-23T05:17:05.000Z,128.734128,34.408132,0,4570
2019-02-23T05:17:11.000Z,128.73457,34.408495,0,4550
2019-02-23T05:17:17.000Z,128.7349,34.408748,0,4570
2019-02-23T05:17:24.000Z,128.735352,34.409103,0,4580
2019-02-23T05:17:29.000Z,128.735667,34.409357,29,4580
2019-02-23T05:17:29.000Z,128.735667,34.409357,29,4580
2019-02-23T05:17:29.000Z,128.735667,34.409357,29,4580
2019-02-23T05:17:36.000Z,128.73611200000002,34.409712,0,4600
2019-02-23T05:17:47.000Z,128.736865,34.410315000000004,0,4610
2019-02-23T05:17:53.000Z,128.737243,34.410622,0,4600
2019-02-23T05:17:59.000Z,128.73756699999998,34.410875,0,4600
2019-02-23T05:18:05.000Z,128.737953,34.411185,0,4600
2019-02-23T05:18:11.000Z,128.7384,34.411547,0,4570
2019-02-23T05:18:17.000Z,128.738723,34.411805,0,4570
2019-02-23T05:18:29.000Z,128.739483,34.412427,0,4570
2019-02-23T05:18:47.000Z,128.740705,34.413413,0,4600
2019-02-23T05:18:53.000Z,128.74109,34.413722,0,4600
2019-02-23T05:18:59.000Z,128.741408,34.41398,0,4610
2019-02-23T05:19:05.000Z,128.741783,34.414287,0,4600
2019-02-23T05:19:11.000Z,128.742223,34.414638000000004,0,4590
2019-02-23T05:19:17.000Z,128.742542,34.414893,0,4600
2019-02-23T05:19:23.000Z,128.742922,34.415197,0,4600
2019-02-23T05:19:29.000Z,128.743305,34.415498,0,4600
2019-02-23T05:19:36.000Z,128.74375700000002,34.41585300000001,0,4600
2019-02-23T05:19:48.000Z,128.744522,34.416462,0,4600
2019-02-23T05:19:53.000Z,128.744903,34.416767,0,4620
2019-02-23T05:20:05.000Z,128.745608,34.417328000000005,0,4600
2019-02-23T05:20:11.000Z,128.746057,34.417688,0,4590
2019-02-23T05:20:17.000Z,128.746373,34.41795,0,4600
2019-02-23T05:20:29.000Z,128.747143,34.41857,0,4580
2019-02-23T05:20:36.000Z,128.747593,34.418932,0,4590
2019-02-23T05:20:41.000Z,128.747912,34.41919,0,4580
2019-02-23T05:20:48.000Z,128.748358,34.419552,0,4590
2019-02-23T05:20:53.000Z,128.748745,34.419858000000005,0,4590
2019-02-23T05:21:11.000Z,128.749893,34.420784999999995,0,4580
2019-02-23T05:21:17.000Z,128.750217,34.42103,0,4560
2019-02-23T05:21:23.000Z,128.750605,34.421325,0,4570
2019-02-23T05:21:29.000Z,128.75099699999998,34.421622,0,4570
2019-02-23T05:21:36.000Z,128.75146,34.421975,0,4570
2019-02-23T05:21:41.000Z,128.75178300000002,34.42223,29,4580
2019-02-23T05:21:41.000Z,128.75178300000002,34.42223,29,4580
2019-02-23T05:21:41.000Z,128.75178300000002,34.42223,29,4580
2019-02-23T05:21:48.000Z,128.75223200000002,34.42259,0,4580
2019-02-23T05:21:53.000Z,128.752613,34.422902,0,4560
2019-02-23T05:22:03.000Z,128.75293,34.423163,0,4580
2019-02-23T05:22:12.000Z,128.753753,34.423842,0,4580
2019-02-23T05:22:17.000Z,128.754072,34.4241,0,4590
2019-02-23T05:22:23.000Z,128.754458,34.424409999999995,0,4600
2019-02-23T05:22:29.000Z,128.754843,34.424717,0,4570
2019-02-23T05:22:35.000Z,128.75529,34.425077,0,4570
2019-02-23T05:22:41.000Z,128.75561299999998,34.425332,0,4590
2019-02-23T05:22:48.000Z,128.75606000000002,34.425687,0,4580
2019-02-23T05:22:53.000Z,128.756445,34.425993,0,4590
2019-02-23T05:23:05.000Z,128.757223,34.426590000000004,0,4660
2019-02-23T05:23:11.000Z,128.757605,34.426897,0,4620
2019-02-23T05:23:23.000Z,128.758288,34.427468,0,4460
2019-02-23T05:23:29.000Z,128.758658,34.427787,0,4390
2019-02-23T05:23:36.000Z,128.759095,34.428153,0,4420
2019-02-23T05:23:41.000Z,128.759413,34.428407,0,4500
2019-02-23T05:23:48.000Z,128.759867,34.428757,0,4550
2019-02-23T05:23:53.000Z,128.760257,34.429053,0,4620
2019-02-23T05:24:05.000Z,128.761043,34.429652000000004,0,4710
2019-02-23T05:24:11.000Z,128.761443,34.429947,0,4750
2019-02-23T05:24:17.000Z,128.761768,34.430197,0,4790
2019-02-23T05:24:29.000Z,128.76255700000002,34.43081,0,4860
2019-02-23T05:24:48.000Z,128.763863,34.431702,0,5090
2019-02-23T05:24:53.000Z,128.764278,34.431977,0,5090
2019-02-23T05:24:59.000Z,128.764623,34.432202000000004,0,5080
2019-02-23T05:25:06.000Z,128.765108,34.432525,0,5060
2019-02-23T05:25:12.000Z,128.76552,34.432802,0,5080
2019-02-23T05:25:17.000Z,128.765862,34.433027,0,5090
2019-02-23T05:25:23.000Z,128.766278,34.433303,0,5130
2019-02-23T05:25:29.000Z,128.76677,34.433627,29,5150
2019-02-23T05:25:29.000Z,128.76677,34.433627,29,5150
2019-02-23T05:25:29.000Z,128.76677,34.433627,29,5150
2019-02-23T05:25:36.000Z,128.767192,34.4339,0,5160
2019-02-23T05:25:42.000Z,128.767618,34.434173,0,5170
2019-02-23T05:25:48.000Z,128.76804199999998,34.434448,0,5180
2019-02-23T05:25:59.000Z,128.76881799999998,34.434952,0,5190
2019-02-23T05:26:06.000Z,128.76931000000002,34.435272,0,5200
2019-02-23T05:26:12.000Z,128.769733,34.435548,0,5190
2019-02-23T05:26:17.000Z,128.770088,34.435778000000006,0,5220
2019-02-23T05:26:23.000Z,128.77051699999998,34.436048,0,5210
2019-02-23T05:26:29.000Z,128.771017,34.436368,0,5210
2019-02-23T05:26:36.000Z,128.771443,34.436638,0,5220
2019-02-23T05:26:42.000Z,128.771865,34.436908,0,5210
2019-02-23T05:26:47.000Z,128.772215,34.437133,0,5200
2019-02-23T05:26:53.000Z,128.772703,34.437452,0,5200
2019-02-23T05:26:58.000Z,128.77305800000002,34.43768,0,5210
2019-02-23T05:27:09.000Z,128.773992,34.438258000000005,0,5200
2019-02-23T05:27:17.000Z,128.77434499999998,34.438482,0,5210
2019-02-23T05:27:23.000Z,128.774767,34.438753000000005,0,5220
2019-02-23T05:27:42.000Z,128.776117,34.439607,0,5200
2019-02-23T05:27:53.000Z,128.776948,34.44015,0,5190
2019-02-23T05:28:06.000Z,128.777783,34.440702,0,5190
2019-02-23T05:28:12.000Z,128.778198,34.44098,0,5190
2019-02-23T05:28:17.000Z,128.77855,34.441208,0,5190
2019-02-23T05:28:23.000Z,128.778972,34.441483000000005,0,5190
2019-02-23T05:28:29.000Z,128.779465,34.441805,0,5180
2019-02-23T05:28:36.000Z,128.779887,34.442082,0,5180
2019-02-23T05:28:42.000Z,128.780307,34.442353000000004,0,5180
2019-02-23T05:28:47.000Z,128.780645,34.442593,0,5160
2019-02-23T05:29:06.000Z,128.781982,34.443453000000005,0,5150
2019-02-23T05:29:17.000Z,128.782828,34.444,0,5170
2019-02-23T05:29:29.000Z,128.783672,34.44455,29,5180
2019-02-23T05:29:29.000Z,128.783672,34.44455,29,5180
2019-02-23T05:29:29.000Z,128.783672,34.44455,29,5180
2019-02-23T05:29:36.000Z,128.784088,34.444827000000004,0,5190
2019-02-23T05:29:42.000Z,128.784505,34.445103,0,5180
2019-02-23T05:29:47.000Z,128.78485700000002,34.445328,0,5190
2019-02-23T05:29:53.000Z,128.785342,34.445657000000004,0,5200
2019-02-23T05:29:59.000Z,128.785685,34.445893,0,5190
2019-02-23T05:30:06.000Z,128.786173,34.446218,0,5190
2019-02-23T05:30:12.000Z,128.78659199999998,34.4465,0,5190
2019-02-23T05:30:17.000Z,128.78701,34.446778,0,5170
2019-02-23T05:30:29.000Z,128.78787,34.447303000000005,0,5190
2019-02-23T05:30:36.000Z,128.788297,34.447573,0,5180
2019-02-23T05:30:42.000Z,128.788718,34.447848,0,5180
2019-02-23T05:30:47.000Z,128.789067,34.448078,0,5190
2019-02-23T05:31:06.000Z,128.79039699999998,34.448953,0,5170
2019-02-23T05:31:12.000Z,128.79082,34.44923,0,5150
2019-02-23T05:31:17.000Z,128.79123700000002,34.449517,0,5100
2019-02-23T05:31:29.000Z,128.791992,34.450028,0,5180
2019-02-23T05:31:36.000Z,128.792473,34.450347,0,5190
2019-02-23T05:31:42.000Z,128.792915,34.450602,0,5230
2019-02-23T05:31:59.000Z,128.79415,34.45134,0,5380
2019-02-23T05:32:06.000Z,128.79466200000002,34.451642,0,5460
2019-02-23T05:32:17.000Z,128.795547,34.452148,0,5520
2019-02-23T05:32:29.000Z,128.796373,34.452588,0,5710
2019-02-23T05:32:35.000Z,128.796902,34.452867,0,5750
2019-02-23T05:32:42.000Z,128.797358,34.453105,0,5770
2019-02-23T05:32:47.000Z,128.79773799999998,34.453305,0,5750
2019-02-23T05:32:53.000Z,128.798268,34.453582,0,5750
2019-02-23T05:33:00.000Z,128.79872,34.453817,0,5750
2019-02-23T05:33:06.000Z,128.799172,34.454052000000004,0,5750
2019-02-23T05:33:11.000Z,128.799552,34.454245,0,5770
2019-02-23T05:33:17.000Z,128.80008,34.454517,29,5780
2019-02-23T05:33:17.000Z,128.80008,34.454517,29,5780
2019-02-23T05:33:17.000Z,128.80008,34.454517,29,5780
2019-02-23T05:33:29.000Z,128.800912,34.454943,0,5810
2019-02-23T05:33:35.000Z,128.80144199999998,34.455215,0,5820
2019-02-23T05:33:42.000Z,128.801893,34.45545,0,5810
2019-02-23T05:33:47.000Z,128.80235,34.455684999999995,0,5800
2019-02-23T05:33:53.000Z,128.802803,34.455921999999994,0,5790
2019-02-23T05:34:00.000Z,128.803258,34.456158,0,5770
2019-02-23T05:34:06.000Z,128.803707,34.456395,0,5760
2019-02-23T05:34:17.000Z,128.804603,34.45688,0,5700
2019-02-23T05:34:26.000Z,128.80544,34.457295,0,5850
2019-02-23T05:34:31.000Z,128.80598700000002,34.457542,0,5970
2019-02-23T05:34:42.000Z,128.80645800000002,34.457743,0,6090
2019-02-23T05:34:47.000Z,128.806928,34.457947,0,6180
2019-02-23T05:34:53.000Z,128.807403,34.458153,0,6210
2019-02-23T05:35:00.000Z,128.807867,34.45837,0,6130
2019-02-23T05:35:06.000Z,128.808312,34.458605,0,5980
2019-02-23T05:35:11.000Z,128.808678,34.458797,0,5840
2019-02-23T05:35:17.000Z,128.809192,34.459078000000005,0,5710
2019-02-23T05:35:24.000Z,128.809618,34.459327,0,5600
2019-02-23T05:35:29.000Z,128.809978,34.459543,0,5520
2019-02-23T05:35:35.000Z,128.810462,34.459845,0,5430
2019-02-23T05:35:41.000Z,128.810815,34.460065,0,5330
2019-02-23T05:35:53.000Z,128.811678,34.460643,0,5110
2019-02-23T05:36:18.000Z,128.81316,34.461802,0,4530
2019-02-23T05:36:26.000Z,128.813785,34.462371999999995,0,4200
2019-02-23T05:36:41.000Z,128.814448,34.46301500000001,0,4130
2019-02-23T05:36:53.000Z,128.815187,34.46368,0,4130
2019-02-23T05:37:00.000Z,128.815525,34.463992,0,4130
2019-02-23T05:37:06.000Z,128.815857,34.464312,0,4110
2019-02-23T05:37:18.000Z,128.816517,34.464963,0,4040
2019-02-23T05:37:24.000Z,128.816845,34.465293,28,4020
2019-02-23T05:37:24.000Z,128.816845,34.465293,28,4020
2019-02-23T05:37:24.000Z,128.816845,34.465293,28,4020
2019-02-23T05:37:29.000Z,128.81712,34.465562,0,3980
2019-02-23T05:37:47.000Z,128.817782,34.466227,0,4030
2019-02-23T05:37:59.000Z,128.81886200000002,34.467233,0,4050
2019-02-23T05:38:06.000Z,128.819187,34.467573,0,3990
2019-02-23T05:38:26.000Z,128.820427,34.468857,0,3770
2019-02-23T05:38:35.000Z,128.820795,34.469255,0,3740
2019-02-23T05:38:41.000Z,128.821058,34.469533,0,3670
2019-02-23T05:38:48.000Z,128.821415,34.469928,0,3600
2019-02-23T05:38:53.000Z,128.821722,34.470262,0,3540
2019-02-23T05:38:59.000Z,128.82201,34.470634999999994,0,3470
2019-02-23T05:39:06.000Z,128.8223,34.471002,0,3480
2019-02-23T05:39:11.000Z,128.822553,34.471292,0,3510
2019-02-23T05:39:18.000Z,128.8229,34.471707,0,3520
2019-02-23T05:39:24.000Z,128.823212,34.47205,0,3530
2019-02-23T05:39:29.000Z,128.823465,34.472327,0,3560
2019-02-23T05:39:35.000Z,128.823817,34.472733000000005,0,3560
2019-02-23T05:39:41.000Z,128.82407,34.473032,0,3530
2019-02-23T05:39:48.000Z,128.824425,34.473434999999995,0,3520
2019-02-23T05:39:53.000Z,128.82473000000002,34.473783000000005,0,3520
2019-02-23T05:39:59.000Z,128.825027,34.474145,0,3500
2019-02-23T05:40:06.000Z,128.825328,34.474507,0,3510
2019-02-23T05:40:18.000Z,128.825943,34.475232,0,3520
2019-02-23T05:40:35.000Z,128.826863,34.476288000000004,0,3540
2019-02-23T05:40:41.000Z,128.827117,34.476587,0,3540
2019-02-23T05:40:47.000Z,128.82747700000002,34.476992,0,3530
2019-02-23T05:40:53.000Z,128.827767,34.477367,0,3520
2019-02-23T05:40:59.000Z,128.82806200000002,34.477733,0,3510
2019-02-23T05:41:05.000Z,128.828312,34.47804,0,3500
2019-02-23T05:41:11.000Z,128.828615,34.478393,0,3510
2019-02-23T05:41:18.000Z,128.82896499999998,34.478818,0,3510
2019-02-23T05:41:24.000Z,128.829267,34.479177,0,3530
2019-02-23T05:41:35.000Z,128.829875,34.479902,29,3540
2019-02-23T05:41:35.000Z,128.829875,34.479902,29,3540
2019-02-23T05:41:35.000Z,128.829875,34.479902,29,3540
2019-02-23T05:41:41.000Z,128.83013799999998,34.48019,0,3540
2019-02-23T05:41:47.000Z,128.830487,34.480623,0,3540
2019-02-23T05:41:53.000Z,128.830805,34.480955,0,3560
2019-02-23T05:41:59.000Z,128.831125,34.481285,0,3570
2019-02-23T05:42:05.000Z,128.83138799999998,34.481563,0,3570
2019-02-23T05:42:11.000Z,128.831705,34.481903,0,3560
2019-02-23T05:42:18.000Z,128.832067,34.482313,0,3570
2019-02-23T05:42:35.000Z,128.832998,34.483388,0,3580
2019-02-23T05:42:41.000Z,128.83326200000002,34.483688,0,3560
2019-02-23T05:42:47.000Z,128.833628,34.484105,0,3560
2019-02-23T05:42:53.000Z,128.83394199999998,34.484468,0,3570
2019-02-23T05:42:59.000Z,128.83418799999998,34.484803,0,3560
2019-02-23T05:43:05.000Z,128.834498,34.485168,0,3580
2019-02-23T05:43:11.000Z,128.83481,34.48553,0,3580
2019-02-23T05:43:17.000Z,128.835125,34.485878,0,3580
2019-02-23T05:43:35.000Z,128.836112,34.487007,0,3560
2019-02-23T05:43:41.000Z,128.836365,34.487302,0,3560
2019-02-23T05:43:47.000Z,128.836732,34.487722999999995,0,3530
2019-02-23T05:43:53.000Z,128.83704,34.488085,0,3500
2019-02-23T05:43:59.000Z,128.837302,34.488385,0,3500
2019-02-23T05:44:05.000Z,128.83760800000002,34.488745,0,3480
2019-02-23T05:44:11.000Z,128.837913,34.489107000000004,0,3490
2019-02-23T05:44:17.000Z,128.838223,34.489468,0,3520
2019-02-23T05:44:29.000Z,128.83884,34.490188,0,3540
2019-02-23T05:44:35.000Z,128.839202,34.490602,0,3560
2019-02-23T05:44:48.000Z,128.83946,34.490902,0,3560
2019-02-23T05:45:05.000Z,128.840685,34.492358,0,3410
2019-02-23T05:45:11.000Z,128.840983,34.492727,0,3410
2019-02-23T05:45:17.000Z,128.841288,34.493088,0,3470
2019-02-23T05:45:24.000Z,128.84165,34.493515,29,3530
2019-02-23T05:45:24.000Z,128.84165,34.493515,29,3530
2019-02-23T05:45:24.000Z,128.84165,34.493515,29,3530
2019-02-23T05:45:35.000Z,128.84229,34.494238,0,3630
2019-02-23T05:45:41.000Z,128.84256000000002,34.49453,0,3680
2019-02-23T05:45:48.000Z,128.842943,34.494937,0,3730
2019-02-23T05:45:53.000Z,128.84327199999998,34.495296999999994,0,3770
2019-02-23T05:45:59.000Z,128.843548,34.49559,0,3850
2019-02-23T05:46:05.000Z,128.843895,34.495935,0,3950
2019-02-23T05:46:11.000Z,128.844245,34.496265,0,4010
2019-02-23T05:46:17.000Z,128.84458999999998,34.49661,0,4020
2019-02-23T05:46:24.000Z,128.844993,34.497008,0,4020
2019-02-23T05:46:35.000Z,128.845685,34.497687,0,4000
2019-02-23T05:46:48.000Z,128.846383,34.498348,0,4040
2019-02-23T05:46:53.000Z,128.846733,34.498687,0,4050
2019-02-23T05:46:59.000Z,128.847027,34.498965000000005,0,4080
2019-02-23T05:47:05.000Z,128.847372,34.499320000000004,0,4080
2019-02-23T05:47:11.000Z,128.84771999999998,34.499663,0,4080
2019-02-23T05:47:24.000Z,128.84848,34.500397,0,4080
2019-02-23T05:47:35.000Z,128.849183,34.501065000000004,0,4070
2019-02-23T05:47:48.000Z,128.849895,34.501721999999994,0,4070
2019-02-23T05:47:53.000Z,128.850243,34.502065,0,4060
2019-02-23T05:48:00.000Z,128.850593,34.502403,0,4050
2019-02-23T05:48:05.000Z,128.850882,34.502697999999995,0,4060
2019-02-23T05:48:11.000Z,128.851225,34.503053,0,4050
2019-02-23T05:48:17.000Z,128.851578,34.503383,0,4050
2019-02-23T05:48:24.000Z,128.85198300000002,34.503787,0,4070
2019-02-23T05:48:42.000Z,128.85303000000002,34.504775,0,4060
2019-02-23T05:48:48.000Z,128.853375,34.505105,0,4040
2019-02-23T05:48:53.000Z,128.853723,34.505432,0,4040
2019-02-23T05:49:00.000Z,128.854072,34.505763,0,4040
2019-02-23T05:49:05.000Z,128.85436,34.50604000000001,0,4030
2019-02-23T05:49:11.000Z,128.854705,34.506382,0,4050
2019-02-23T05:49:17.000Z,128.855053,34.506717,0,4080
2019-02-23T05:49:24.000Z,128.855455,34.507115,29,4070
2019-02-23T05:49:24.000Z,128.855455,34.507115,29,4070
2019-02-23T05:49:24.000Z,128.855455,34.507115,29,4070
2019-02-23T05:49:42.000Z,128.856493,34.508140000000004,0,4070
2019-02-23T05:49:48.000Z,128.856843,34.508472,0,4060
2019-02-23T05:49:53.000Z,128.857135,34.508752,0,4070
2019-02-23T05:50:00.000Z,128.857542,34.509143,0,4070
2019-02-23T05:50:05.000Z,128.857832,34.509423,0,4060
2019-02-23T05:50:11.000Z,128.858183,34.50976,0,4070
2019-02-23T05:50:17.000Z,128.858533,34.510095,0,4060
2019-02-23T05:50:30.000Z,128.859288,34.510827,0,4080
2019-02-23T05:50:35.000Z,128.859577,34.511108,0,4080
2019-02-23T05:50:42.000Z,128.85998500000002,34.5115,0,4090
2019-02-23T05:50:47.000Z,128.860333,34.511837,0,4100
2019-02-23T05:50:53.000Z,128.860623,34.512115,0,4090
2019-02-23T05:51:00.000Z,128.861032,34.5125,0,4090
2019-02-23T05:51:05.000Z,128.861323,34.512777,0,4090
2019-02-23T05:51:11.000Z,128.86167,34.513113,0,4080
2019-02-23T05:51:18.000Z,128.862078,34.5135,0,4070
2019-02-23T05:51:24.000Z,128.862425,34.51383,0,4060
2019-02-23T05:51:30.000Z,128.862772,34.514167,0,4040
2019-02-23T05:51:35.000Z,128.863062,34.514445,0,4030
2019-02-23T05:51:42.000Z,128.863467,34.514837,0,4030
2019-02-23T05:51:47.000Z,128.86381,34.515168,0,4020
2019-02-23T05:51:53.000Z,128.86409799999998,34.51545,0,4020
2019-02-23T05:52:00.000Z,128.864505,34.515842,0,4020
2019-02-23T05:52:05.000Z,128.864792,34.516122,0,4020
2019-02-23T05:52:11.000Z,128.865138,34.516459999999995,0,4030
2019-02-23T05:52:18.000Z,128.865542,34.516858,0,4020
2019-02-23T05:52:24.000Z,128.865887,34.517197,0,4020
2019-02-23T05:52:30.000Z,128.866233,34.51755,0,4040
2019-02-23T05:52:35.000Z,128.866523,34.517832,0,4050
2019-02-23T05:52:42.000Z,128.86693300000002,34.518213,0,4070
2019-02-23T05:52:47.000Z,128.867283,34.518548,0,4090
2019-02-23T05:52:53.000Z,128.867578,34.518833,0,4080
2019-02-23T05:53:00.000Z,128.867992,34.519227,0,4090
2019-02-23T05:53:05.000Z,128.868287,34.519508,0,4090
2019-02-23T05:53:11.000Z,128.86863200000002,34.51984,0,4080
2019-02-23T05:53:18.000Z,128.86904199999998,34.520232,0,4080
2019-02-23T05:53:24.000Z,128.869392,34.520568,29,4090
2019-02-23T05:53:24.000Z,128.869392,34.520568,29,4090
2019-02-23T05:53:24.000Z,128.869392,34.520568,29,4090
2019-02-23T05:53:30.000Z,128.869745,34.520907,0,4090
2019-02-23T05:53:35.000Z,128.870038,34.521192,0,4100
2019-02-23T05:53:45.000Z,128.870803,34.521923,0,4100
2019-02-23T05:53:53.000Z,128.8711,34.522205,0,4110
2019-02-23T05:54:00.000Z,128.87151200000002,34.522592,0,4120
2019-02-23T05:54:06.000Z,128.87186699999998,34.522928,0,4100
2019-02-23T05:54:11.000Z,128.87216,34.523205,0,4100
2019-02-23T05:54:18.000Z,128.87257,34.523592,0,4100
2019-02-23T05:54:24.000Z,128.872918,34.523925,0,4090
2019-02-23T05:54:30.000Z,128.873267,34.52426,0,4080
2019-02-23T05:54:35.000Z,128.873558,34.524537,0,4080
2019-02-23T05:54:42.000Z,128.873967,34.524928,0,4080
2019-02-23T05:54:47.000Z,128.874322,34.525265000000005,0,4080
2019-02-23T05:54:53.000Z,128.874605,34.525537,0,4080
2019-02-23T05:55:00.000Z,128.875015,34.525933,0,4080
2019-02-23T05:55:05.000Z,128.875305,34.526216999999995,0,4040
2019-02-23T05:55:18.000Z,128.876033,34.526945,0,3990
2019-02-23T05:55:24.000Z,128.876382,34.527277000000005,0,4040
2019-02-23T05:55:30.000Z,128.876732,34.527613,0,4080
2019-02-23T05:55:35.000Z,128.87708700000002,34.52795,0,4090
2019-02-23T05:55:53.000Z,128.878108,34.5289,0,4200
2019-02-23T05:56:05.000Z,128.878852,34.529545,0,4320
2019-02-23T05:56:18.000Z,128.87966200000002,34.53026,0,4290
2019-02-23T05:56:24.000Z,128.880023,34.530582,0,4280
2019-02-23T05:56:30.000Z,128.880387,34.530902000000005,0,4270
2019-02-23T05:56:35.000Z,128.880752,34.53123,0,4300
2019-02-23T05:56:41.000Z,128.881125,34.53156,0,4340
2019-02-23T05:56:47.000Z,128.881498,34.53188,0,4380
2019-02-23T05:56:53.000Z,128.88181200000002,34.532142,0,4400
2019-02-23T05:57:05.000Z,128.88255800000002,34.532783,0,4320
2019-02-23T05:57:18.000Z,128.883343,34.533502,29,4250
2019-02-23T05:57:18.000Z,128.883343,34.533502,29,4250
2019-02-23T05:57:18.000Z,128.883343,34.533502,29,4250
2019-02-23T05:57:24.000Z,128.883698,34.533822,0,4210
2019-02-23T05:57:30.000Z,128.884053,34.534152,0,4200
2019-02-23T05:57:35.000Z,128.884402,34.534495,0,4150
2019-02-23T05:57:41.000Z,128.884743,34.534838,0,4070
2019-02-23T05:57:47.000Z,128.885023,34.535121999999994,0,4000
2019-02-23T05:57:53.000Z,128.88536499999998,34.535458,0,3990
2019-02-23T05:57:59.000Z,128.885762,34.535857,0,3960
2019-02-23T05:58:05.000Z,128.886047,34.53614,0,3960
2019-02-23T05:58:11.000Z,128.886387,34.53648,0,3960
2019-02-23T05:58:17.000Z,128.886783,34.536877000000004,0,3950
2019-02-23T05:58:24.000Z,128.887123,34.537222,0,3920
2019-02-23T05:58:29.000Z,128.887465,34.537567,0,3910
2019-02-23T05:58:35.000Z,128.887798,34.537908,0,3900
2019-02-23T05:58:41.000Z,128.88814,34.538257,0,3880
2019-02-23T05:58:47.000Z,128.888418,34.538542,0,3880
2019-02-23T05:58:53.000Z,128.888753,34.538883,0,3890
2019-02-23T05:59:00.000Z,128.889142,34.539287,0,3880
2019-02-23T05:59:05.000Z,128.889422,34.539575,0,3880
2019-02-23T05:59:11.000Z,128.88981299999998,34.53998,0,3880
2019-02-23T05:59:17.000Z,128.89014699999998,34.540333000000004,29,3860
2019-02-23T05:59:17.000Z,128.89014699999998,34.540333000000004,29,3860
2019-02-23T05:59:17.000Z,128.89014699999998,34.540333000000004,29,3860
2019-02-23T05:59:24.000Z,128.89048300000002,34.54068,0,3880
2019-02-23T05:59:29.000Z,128.890825,34.541028000000004,0,3890
2019-02-23T05:59:35.000Z,128.89116299999998,34.541378,0,3890
2019-02-23T05:59:41.000Z,128.891505,34.541727,0,3900
2019-02-23T05:59:47.000Z,128.89179,34.542017,0,3910
2019-02-23T05:59:53.000Z,128.892127,34.542363,0,3880
2019-02-23T05:59:59.000Z,128.892522,34.542773,0,3860
2019-02-23T06:00:05.000Z,128.892802,34.543075,0,3860
2019-02-23T06:00:11.000Z,128.893197,34.543496999999995,0,3870
2019-02-23T06:00:17.000Z,128.893535,34.54384,0,3860
2019-02-23T06:00:24.000Z,128.893878,34.544187,0,3890
2019-02-23T06:00:29.000Z,128.894217,34.544538,0,3890
2019-02-23T06:00:35.000Z,128.89455800000002,34.544885,0,3890
2019-02-23T06:00:47.000Z,128.89518,34.545495,0,3890
2019-02-23T06:00:59.000Z,128.89592199999998,34.546222,0,3900
2019-02-23T06:01:05.000Z,128.89621,34.546507,0,3910
2019-02-23T06:01:11.000Z,128.89661,34.54692,0,3910
2019-02-23T06:01:24.000Z,128.897297,34.547613,0,3920
2019-02-23T06:01:29.000Z,128.897637,34.547962,29,3900
2019-02-23T06:01:29.000Z,128.897637,34.547962,29,3900
2019-02-23T06:01:29.000Z,128.897637,34.547962,29,3900
