timestamp,longitude,latitude,speed,direction
2019-11-23T00:14:27.000Z,55.054248,24.984075,0,25870
2019-11-23T00:17:25.000Z,55.05419200000001,24.984142,0,26450
2019-11-23T00:20:29.000Z,55.054408,24.984103,0,27740
2019-11-23T00:26:29.000Z,55.0543,24.984203,0,19680
2019-11-23T00:35:28.000Z,55.054162,24.984135,0,2250
2019-11-23T00:41:28.000Z,55.05406,24.984283,0,16990
2019-11-23T00:56:26.000Z,55.054082,24.984188,0,22700
2019-11-23T01:11:28.000Z,55.05399,24.984182,0,23920
2019-11-23T01:20:27.000Z,55.05412800000001,24.984255,0,1740
2019-11-23T01:26:27.000Z,55.054093,24.984083,0,3370
2019-11-23T01:32:28.000Z,55.05423199999999,24.984257,0,19470
2019-11-23T01:32:29.000Z,55.05423199999999,24.984257,0,19470
2019-11-23T01:38:27.000Z,55.054097,24.98425,0,17690
2019-11-23T01:41:26.000Z,55.054082,24.984147,0,12810
2019-11-23T01:44:28.000Z,55.054082,24.984115,0,11840
2019-11-23T01:50:26.000Z,55.054078,24.984103,0,11420
2019-11-23T01:53:27.000Z,55.054012,24.984078,0,11040
2019-11-23T01:59:26.000Z,55.054208,24.983970000000006,0,19680
2019-11-23T02:02:27.000Z,55.054098,24.984293,0,1990
2019-11-23T02:05:29.000Z,55.053992,24.98417,0,11900
2019-11-23T02:11:28.000Z,55.054122,24.984113,0,8530
2019-11-23T02:17:28.000Z,55.054092,24.98413,0,4940
2019-11-23T02:20:29.000Z,55.05419300000001,24.984188,0,24660
2019-11-23T02:29:29.000Z,55.054113,24.984172,0,2970
2019-11-23T02:35:29.000Z,55.054082,24.984203,0,15430
2019-11-23T02:41:28.000Z,55.05398,24.98418,0,810
2019-11-23T02:47:28.000Z,55.053973,24.984193,0,24980
2019-11-23T02:50:27.000Z,55.05414200000001,24.984253,0,18630
2019-11-23T02:53:25.000Z,55.054078,24.984095,0,14890
2019-11-23T02:56:26.000Z,55.054097,24.984063,0,15800
2019-11-23T03:02:26.000Z,55.05411700000001,24.984102,0,15360
2019-11-23T03:05:27.000Z,55.05416700000001,24.984028,0,33630
2019-11-23T03:11:25.000Z,55.05413000000001,24.984032,0,15520
2019-11-23T03:14:28.000Z,55.054338,24.983925,0,12170
2019-11-23T03:17:28.000Z,55.054085,24.984123,0,10740
2019-11-23T03:20:29.000Z,55.054228,24.983967,0,16590
2019-11-23T03:26:27.000Z,55.054073,24.984182,0,27410
2019-11-23T03:29:28.000Z,55.054047,24.9842,0,26590
2019-11-23T03:32:27.000Z,55.054063,24.984063,0,16840
2019-11-23T03:35:28.000Z,55.05413000000001,24.984137,0,16840
2019-11-23T03:44:28.000Z,55.054182,24.984103,0,5610
2019-11-23T03:50:26.000Z,55.054097,24.98405,0,31780
2019-11-23T03:56:27.000Z,55.05411,24.984095,0,29650
2019-11-23T03:59:26.000Z,55.054088,24.98406,0,31530
2019-11-23T04:02:26.000Z,55.054073,24.984068,0,31370
2019-11-23T04:05:34.000Z,55.05416,24.984092,0,6620
2019-11-23T04:07:05.000Z,55.05435500000001,24.984112,0,7190
2019-11-23T04:07:34.000Z,55.054455,24.984153,0,3490
2019-11-23T04:08:14.000Z,55.054525,24.984343,0,670
2019-11-23T04:08:46.000Z,55.054538,24.984578,2,35950
2019-11-23T04:09:14.000Z,55.054538,24.984833,3,35730
2019-11-23T04:09:35.000Z,55.054572,24.985055,3,35640
2019-11-23T04:09:54.000Z,55.054523,24.985303,4,35630
2019-11-23T04:10:14.000Z,55.054507,24.985545,4,35660
2019-11-23T04:10:35.000Z,55.054497,24.985842,4,35830
2019-11-23T04:10:54.000Z,55.054495,24.986132,4,35960
2019-11-23T04:11:14.000Z,55.054502,24.986423,4,90
2019-11-23T04:11:25.000Z,55.054513,24.986593,4,150
2019-11-23T04:11:35.000Z,55.05452800000001,24.986752,5,250
2019-11-23T04:11:45.000Z,55.054543,24.986915,5,360
2019-11-23T04:12:05.000Z,55.054583,24.987238,6,610
2019-11-23T04:12:14.000Z,55.0546,24.987415,6,720
2019-11-23T04:12:25.000Z,55.054628,24.987608,6,890
2019-11-23T04:12:36.000Z,55.05466,24.987787,6,1010
2019-11-23T04:12:45.000Z,55.0547,24.987965,6,1110
2019-11-23T04:13:05.000Z,55.054788,24.988333,6,1220
2019-11-23T04:13:14.000Z,55.05483,24.988502,7,1260
2019-11-23T04:13:25.000Z,55.054883,24.98871,7,1260
2019-11-23T04:13:36.000Z,55.054938,24.988922,7,1270
2019-11-23T04:13:45.000Z,55.054987,24.989097,7,1300
2019-11-23T04:13:54.000Z,55.055033,24.989272,7,1310
2019-11-23T04:14:05.000Z,55.055085,24.989468,7,1300
2019-11-23T04:14:14.000Z,55.055135,24.989665,7,1240
2019-11-23T04:14:25.000Z,55.055188,24.989877,7,1270
2019-11-23T04:14:36.000Z,55.055237,24.990065,7,1280
2019-11-23T04:14:45.000Z,55.055283,24.990248,7,1280
2019-11-23T04:15:05.000Z,55.055372,24.990597,7,1340
2019-11-23T04:15:14.000Z,55.055423,24.99078,7,1350
2019-11-23T04:15:26.000Z,55.055482,24.990978,7,1380
2019-11-23T04:15:36.000Z,55.055535,24.991175,7,1340
2019-11-23T04:15:46.000Z,55.055587,24.99135,7,1420
2019-11-23T04:16:05.000Z,55.055687,24.991675,7,1450
2019-11-23T04:16:25.000Z,55.055777,24.99199,6,1310
2019-11-23T04:16:46.000Z,55.055852,24.992272,5,1330
2019-11-23T04:17:04.000Z,55.055923,24.992512,5,1560
2019-11-23T04:17:25.000Z,55.056007,24.992737,4,1950
2019-11-23T04:17:45.000Z,55.056087,24.992912,4,2230
2019-11-23T04:18:14.000Z,55.056203,24.993107,3,3140
2019-11-23T04:19:04.000Z,55.056367,24.993253,2,8210
2019-11-23T04:19:25.000Z,55.056395,24.99324,1,15440
2019-11-23T04:20:15.000Z,55.056328,24.993055,2,21390
2019-11-23T04:20:46.000Z,55.056162,24.99287,2,22420
2019-11-23T04:21:05.000Z,55.056025,24.992753,3,23100
2019-11-23T04:21:24.000Z,55.055862,24.992642,3,23710
2019-11-23T04:21:46.000Z,55.055677,24.992552,3,24140
2019-11-23T04:22:04.000Z,55.055512,24.992475,3,24400
2019-11-23T04:22:25.000Z,55.055335,24.992405,2,24740
2019-11-23T04:22:46.000Z,55.055145,24.992342,2,25050
2019-11-23T04:23:15.000Z,55.05486,24.992262,2,25420
2019-11-23T04:23:45.000Z,55.05459000000001,24.992188,2,25940
2019-11-23T04:24:08.000Z,55.05439499999999,24.99216,2,26390
2019-11-23T04:24:29.000Z,55.054207,24.992165,2,26660
2019-11-23T04:24:56.000Z,55.05396700000001,24.992175,2,27690
2019-11-23T04:25:24.000Z,55.053712,24.992267,2,29770
2019-11-23T04:25:46.000Z,55.05351700000001,24.992397,3,30780
2019-11-23T04:26:04.000Z,55.053355,24.992537,3,31370
2019-11-23T04:26:24.000Z,55.053163,24.992727,4,31830
2019-11-23T04:26:46.000Z,55.052953,24.992965,5,32200
2019-11-23T04:27:04.000Z,55.052763,24.993213,5,32500
2019-11-23T04:27:15.000Z,55.05266500000001,24.993355,5,32670
2019-11-23T04:27:24.000Z,55.052565,24.993505,5,32800
2019-11-23T04:27:34.000Z,55.052462,24.993662,6,32880
2019-11-23T04:27:45.000Z,55.05236,24.993828,6,33020
2019-11-23T04:27:55.000Z,55.052247,24.994018,7,33150
2019-11-23T04:28:04.000Z,55.052157,24.994178,7,33420
2019-11-23T04:28:15.000Z,55.052055,24.994383,7,33750
2019-11-23T04:28:25.000Z,55.051962,24.994577,7,33690
2019-11-23T04:28:35.000Z,55.051868000000006,24.994777,7,33620
2019-11-23T04:28:44.000Z,55.051773,24.994983,8,33840
2019-11-23T04:28:56.000Z,55.051672,24.995217,8,33810
2019-11-23T04:29:04.000Z,55.051598,24.995388,8,33760
2019-11-23T04:29:15.000Z,55.051503,24.995597,8,33680
2019-11-23T04:29:24.000Z,55.051408,24.995805,8,33630
2019-11-23T04:29:34.000Z,55.051312,24.99601,8,33680
2019-11-23T04:29:44.000Z,55.051217,24.996215,8,33660
2019-11-23T04:29:56.000Z,55.051115,24.996437,8,33730
2019-11-23T04:30:04.000Z,55.051033,24.996617,8,33710
2019-11-23T04:30:15.000Z,55.050945,24.996815,8,33780
2019-11-23T04:30:24.000Z,55.05085699999999,24.997008,8,33780
2019-11-23T04:30:34.000Z,55.050773,24.997203,8,33810
2019-11-23T04:30:44.000Z,55.05068000000001,24.997413,8,33820
2019-11-23T04:30:55.000Z,55.05060200000001,24.997607,8,33780
2019-11-23T04:31:04.000Z,55.050532,24.997778,8,33790
2019-11-23T04:31:15.000Z,55.05044,24.997987,7,33760
2019-11-23T04:31:24.000Z,55.050363,24.998155,7,33760
2019-11-23T04:31:35.000Z,55.05027,24.99836,7,33740
2019-11-23T04:31:45.000Z,55.050197,24.998525,7,33700
2019-11-23T04:31:55.000Z,55.050108,24.998725,7,33690
2019-11-23T04:32:04.000Z,55.050037,24.998887,7,33650
2019-11-23T04:32:15.000Z,55.049958,24.99907,7,33700
2019-11-23T04:32:24.000Z,55.04988,24.999248,7,33680
2019-11-23T04:32:35.000Z,55.049803,24.999427,7,33700
2019-11-23T04:32:44.000Z,55.049725,24.999602,7,33720
2019-11-23T04:32:55.000Z,55.04964200000001,24.999792000000006,7,33700
2019-11-23T04:33:04.000Z,55.049573,24.999947,7,33750
2019-11-23T04:33:15.000Z,55.049483,25.000133,7,33760
2019-11-23T04:33:24.000Z,55.04940799999999,25.000287,7,33810
2019-11-23T04:33:35.000Z,55.049322,25.000472,7,33770
2019-11-23T04:33:45.000Z,55.049248,25.00064,7,33770
2019-11-23T04:33:55.000Z,55.049173,25.000805,7,33750
2019-11-23T04:34:15.000Z,55.049028,25.001133,7,33780
2019-11-23T04:34:35.000Z,55.048895,25.00144,6,33800
2019-11-23T04:34:46.000Z,55.048818,25.001613,6,33770
2019-11-23T04:35:04.000Z,55.048687,25.001913,6,33740
2019-11-23T04:35:15.000Z,55.04861,25.002085,6,33710
2019-11-23T04:35:35.000Z,55.048475,25.002378,6,33640
2019-11-23T04:35:46.000Z,55.048397,25.002547,6,33650
2019-11-23T04:36:05.000Z,55.04826,25.002853,6,33630
2019-11-23T04:36:24.000Z,55.048125,25.003137,6,33670
2019-11-23T04:36:35.000Z,55.048047,25.003302,6,33710
2019-11-23T04:36:54.000Z,55.047918,25.003585,6,33780
2019-11-23T04:37:05.000Z,55.04785,25.003747,6,33770
2019-11-23T04:37:24.000Z,55.047732,25.004027,6,33990
2019-11-23T04:37:46.000Z,55.047612,25.004358,6,33900
2019-11-23T04:38:05.000Z,55.047472,25.004678,6,33790
2019-11-23T04:38:15.000Z,55.047378,25.004892,6,33910
2019-11-23T04:38:35.000Z,55.04722,25.005248,6,33750
2019-11-23T04:38:45.000Z,55.047133,25.005443,7,33820
2019-11-23T04:38:54.000Z,55.04705799999999,25.005622,7,33860
2019-11-23T04:39:05.000Z,55.046967,25.005845,7,33900
2019-11-23T04:39:15.000Z,55.04688,25.006053,8,33780
2019-11-23T04:39:24.000Z,55.0468,25.006247,8,33850
2019-11-23T04:39:36.000Z,55.046697,25.006485,8,33830
2019-11-23T04:39:45.000Z,55.04660500000001,25.00671,8,33910
2019-11-23T04:39:54.000Z,55.04652,25.006915,9,33940
2019-11-23T04:40:04.000Z,55.046422,25.007148,9,33870
2019-11-23T04:40:15.000Z,55.04632,25.007385,9,33870
2019-11-23T04:40:24.000Z,55.04621700000001,25.007625,9,33840
2019-11-23T04:40:36.000Z,55.0461,25.007895,9,33830
2019-11-23T04:40:45.000Z,55.045985,25.008172,9,33980
2019-11-23T04:40:54.000Z,55.045888,25.008402,9,33880
2019-11-23T04:41:04.000Z,55.04579200000001,25.008633,9,33890
2019-11-23T04:41:15.000Z,55.045668000000006,25.008917,10,33820
2019-11-23T04:41:24.000Z,55.04557,25.009153,10,33870
2019-11-23T04:41:36.000Z,55.045447,25.009445,10,33880
2019-11-23T04:41:45.000Z,55.04534200000001,25.009713,10,33820
2019-11-23T04:41:54.000Z,55.04524,25.009955,10,33840
2019-11-23T04:42:04.000Z,55.045123,25.01023,10,33820
2019-11-23T04:42:15.000Z,55.04499200000001,25.010533,11,33740
2019-11-23T04:42:24.000Z,55.044883,25.010787,11,33840
2019-11-23T04:42:35.000Z,55.04475,25.011098,11,33790
2019-11-23T04:42:45.000Z,55.044642,25.011355,11,33820
2019-11-23T04:42:56.000Z,55.04450300000001,25.011672,11,33800
2019-11-23T04:43:04.000Z,55.04440200000001,25.011905,11,33820
2019-11-23T04:43:15.000Z,55.044265,25.012228,11,33880
2019-11-23T04:43:24.000Z,55.044127,25.012555,11,33770
2019-11-23T04:43:36.000Z,55.043985,25.012882,12,33810
2019-11-23T04:43:45.000Z,55.043865,25.013152,12,33730
2019-11-23T04:43:55.000Z,55.043735,25.013453,12,33810
2019-11-23T04:44:04.000Z,55.043618,25.013727,12,33840
2019-11-23T04:44:15.000Z,55.043475,25.014063,12,33830
2019-11-23T04:44:24.000Z,55.04335699999999,25.014342000000006,12,33860
2019-11-23T04:44:34.000Z,55.043223,25.014652,12,33820
2019-11-23T04:44:45.000Z,55.043093000000006,25.014962,12,33950
2019-11-23T04:44:55.000Z,55.04295,25.015307,12,33940
2019-11-23T04:45:04.000Z,55.042832,25.01559,12,33900
2019-11-23T04:45:15.000Z,55.042698,25.015903,13,33860
2019-11-23T04:45:24.000Z,55.042568,25.016222,13,33910
2019-11-23T04:45:34.000Z,55.042447,25.016512,13,33920
2019-11-23T04:45:45.000Z,55.042288,25.016872,13,33880
2019-11-23T04:45:55.000Z,55.042118,25.01726,13,33840
2019-11-23T04:46:04.000Z,55.042003,25.017518,13,33820
2019-11-23T04:46:15.000Z,55.041847,25.017875,13,33860
2019-11-23T04:46:24.000Z,55.041722,25.018168,13,33890
2019-11-23T04:46:34.000Z,55.041583,25.018497,13,33880
2019-11-23T04:46:45.000Z,55.041427,25.018862,13,33850
2019-11-23T04:46:56.000Z,55.04128299999999,25.019198,14,33840
2019-11-23T04:47:04.000Z,55.041152,25.019505,14,33850
2019-11-23T04:47:15.000Z,55.04100500000001,25.01985,14,33830
2019-11-23T04:47:24.000Z,55.040857,25.020198,14,33840
2019-11-23T04:47:34.000Z,55.040705,25.020548,14,33790
2019-11-23T04:47:45.000Z,55.040538,25.020938,14,33830
2019-11-23T04:47:55.000Z,55.040385,25.021295,15,33810
2019-11-23T04:48:04.000Z,55.040245,25.02162,15,33810
2019-11-23T04:48:15.000Z,55.040087,25.021983,15,33830
2019-11-23T04:48:24.000Z,55.039912,25.022387,15,33830
2019-11-23T04:48:34.000Z,55.039768,25.022718,15,33820
2019-11-23T04:48:45.000Z,55.039587,25.023128,15,33780
2019-11-23T04:48:55.000Z,55.039425,25.023505,15,33850
2019-11-23T04:49:05.000Z,55.039278,25.023845,15,33830
2019-11-23T04:49:15.000Z,55.039105000000006,25.024267,15,33890
2019-11-23T04:49:25.000Z,55.038962,25.024613,15,33860
2019-11-23T04:49:34.000Z,55.038798,25.025,16,33830
2019-11-23T04:49:45.000Z,55.03861,25.025422,16,33720
2019-11-23T04:49:55.000Z,55.038438,25.025762,16,33440
2019-11-23T04:50:04.000Z,55.038245,25.02614,16,33450
2019-11-23T04:50:15.000Z,55.038033,25.026512,16,33220
2019-11-23T04:50:25.000Z,55.037823,25.026887,16,33240
2019-11-23T04:50:34.000Z,55.037635,25.027225,16,33330
2019-11-23T04:50:45.000Z,55.037415,25.027645,16,33430
2019-11-23T04:50:55.000Z,55.037197,25.028065,16,33310
2019-11-23T04:51:06.000Z,55.037,25.028402,16,33180
2019-11-23T04:51:15.000Z,55.03676,25.028815,16,33110
2019-11-23T04:51:25.000Z,55.036527,25.029183,16,32960
2019-11-23T04:51:36.000Z,55.036263,25.029587,16,32840
2019-11-23T04:51:45.000Z,55.03604300000001,25.029915,16,32850
2019-11-23T04:51:55.000Z,55.03582,25.03024,16,32620
2019-11-23T04:52:06.000Z,55.035498,25.030655,16,32370
2019-11-23T04:52:15.000Z,55.03528000000001,25.030933,16,32440
2019-11-23T04:52:25.000Z,55.035015,25.031287,16,32520
2019-11-23T04:52:36.000Z,55.03469499999999,25.031712,17,32530
2019-11-23T04:52:45.000Z,55.034453000000006,25.03203,17,32510
2019-11-23T04:52:55.000Z,55.034212,25.03235,17,32480
2019-11-23T04:53:08.000Z,55.033903,25.03274,17,32350
2019-11-23T04:53:16.000Z,55.033602,25.033087,17,32010
2019-11-23T04:53:25.000Z,55.03329,25.033428,17,31910
2019-11-23T04:53:36.000Z,55.032937,25.033807,17,31840
2019-11-23T04:53:46.000Z,55.032602,25.034153,17,31840
2019-11-23T04:53:55.000Z,55.032297,25.03447,17,31850
2019-11-23T04:54:06.000Z,55.03191800000001,25.034862,17,31850
2019-11-23T04:54:16.000Z,55.031602,25.035188,17,31820
2019-11-23T04:54:25.000Z,55.03128,25.035515,17,31830
2019-11-23T04:54:36.000Z,55.030848,25.03596,17,31840
2019-11-23T04:54:46.000Z,55.030478,25.036342,18,31850
2019-11-23T04:54:55.000Z,55.030177,25.036647,19,31800
2019-11-23T04:55:06.000Z,55.02976700000001,25.037073,19,31860
2019-11-23T04:55:16.000Z,55.029393000000006,25.037462,19,31920
2019-11-23T04:55:24.000Z,55.02905300000001,25.037813,19,31770
2019-11-23T04:55:36.000Z,55.02862800000001,25.038245,20,31810
2019-11-23T04:55:46.000Z,55.02824200000001,25.038643,20,31870
2019-11-23T04:55:56.000Z,55.027825,25.039093,20,31940
2019-11-23T04:56:16.000Z,55.027033,25.039903,20,31700
2019-11-23T04:56:24.000Z,55.02670500000001,25.040225,20,31700
2019-11-23T04:56:35.000Z,55.026248,25.04067,20,31630
2019-11-23T04:56:46.000Z,55.02577700000001,25.04111,20,31540
2019-11-23T04:56:56.000Z,55.025345,25.041517,21,31570
2019-11-23T04:57:05.000Z,55.024995,25.041842000000006,21,31540
2019-11-23T04:57:16.000Z,55.024508,25.04229,21,31500
2019-11-23T04:57:24.000Z,55.024108,25.042658,21,31530
2019-11-23T04:57:35.000Z,55.023665,25.043075,21,31550
2019-11-23T04:57:44.000Z,55.02321800000001,25.043492,22,31570
2019-11-23T04:57:56.000Z,55.022722,25.04395,22,31470
2019-11-23T04:58:05.000Z,55.02231,25.044325,22,31500
2019-11-23T04:58:15.000Z,55.021807,25.044788,22,31530
2019-11-23T04:58:24.000Z,55.021397,25.04517,22,31570
2019-11-23T04:58:35.000Z,55.020898,25.045638,22,31560
2019-11-23T04:58:44.000Z,55.020485,25.046018,22,31530
2019-11-23T04:58:56.000Z,55.019928,25.046528,22,31500
2019-11-23T04:59:05.000Z,55.019512,25.046915,23,31540
2019-11-23T04:59:16.000Z,55.019045,25.047343,23,31520
2019-11-23T04:59:24.000Z,55.018625,25.047732,23,31530
2019-11-23T04:59:35.000Z,55.018108,25.048208,23,31540
2019-11-23T04:59:44.000Z,55.017683,25.048598,23,31500
2019-11-23T04:59:56.000Z,55.01716500000001,25.049078,24,31550
2019-11-23T05:00:05.000Z,55.01674000000001,25.049472,24,31550
2019-11-23T05:00:15.000Z,55.016263,25.049907,24,31460
2019-11-23T05:00:24.000Z,55.01577800000001,25.050335,24,31420
2019-11-23T05:00:35.000Z,55.015295,25.05077,24,31470
2019-11-23T05:00:44.000Z,55.014812,25.051205,24,31470
2019-11-23T05:00:56.000Z,55.014225,25.051728,24,31420
2019-11-23T05:01:05.000Z,55.01378,25.052117000000006,24,31370
2019-11-23T05:01:15.000Z,55.013272,25.05255,24,31430
2019-11-23T05:01:24.000Z,55.012827,25.052947,24,31490
2019-11-23T05:01:35.000Z,55.012287,25.053428,24,31400
2019-11-23T05:01:44.000Z,55.011842,25.05382,24,31400
2019-11-23T05:01:56.000Z,55.011247,25.05434,24,31400
2019-11-23T05:02:05.000Z,55.010852,25.054692000000006,25,31450
2019-11-23T05:02:15.000Z,55.010363,25.055135,25,31510
2019-11-23T05:02:24.000Z,55.009868,25.055575,25,31390
2019-11-23T05:02:35.000Z,55.00937,25.056013,25,31370
2019-11-23T05:02:45.000Z,55.00886800000001,25.056452,25,31390
2019-11-23T05:02:56.000Z,55.008323,25.056938,25,31400
2019-11-23T05:03:05.000Z,55.007875,25.057337,25,31410
2019-11-23T05:03:15.000Z,55.00738000000001,25.05778,25,31410
2019-11-23T05:03:25.000Z,55.006882,25.058223,25,31420
2019-11-23T05:03:35.000Z,55.00635,25.058712,25,31390
2019-11-23T05:03:45.000Z,55.005855,25.059153,25,31380
2019-11-23T05:03:56.000Z,55.005307,25.059643,25,31460
2019-11-23T05:04:05.000Z,55.004862,25.060047,25,31430
2019-11-23T05:04:16.000Z,55.00436,25.060492,25,31400
2019-11-23T05:04:26.000Z,55.003905,25.06089,25,31370
2019-11-23T05:04:34.000Z,55.003402,25.061333,25,31390
2019-11-23T05:04:45.000Z,55.00284499999999,25.061822,25,31390
2019-11-23T05:04:56.000Z,55.00229,25.06231,25,31370
2019-11-23T05:05:05.000Z,55.00188000000001,25.062663,25,31300
2019-11-23T05:05:16.000Z,55.001272,25.063197,25,31400
2019-11-23T05:05:25.000Z,55.00086999999999,25.063557,25,31470
2019-11-23T05:05:35.000Z,55.000375,25.064012,25,31460
2019-11-23T05:05:45.000Z,54.999872,25.064458,25,31400
2019-11-23T05:05:56.000Z,54.999315,25.06495,25,31390
2019-11-23T05:06:03.000Z,54.99896,25.065263,25,31390
2019-11-23T05:06:14.000Z,54.99835,25.065798,25,31390
2019-11-23T05:06:20.000Z,54.998047,25.066067,25,31390
2019-11-23T05:06:32.000Z,54.997438,25.066603,25,31400
2019-11-23T05:06:44.000Z,54.99683,25.067135,25,31390
2019-11-23T05:06:51.000Z,54.996525,25.067402,25,31390
2019-11-23T05:07:02.000Z,54.99591700000001,25.067933,25,31370
2019-11-23T05:07:14.000Z,54.995307,25.068467,25,31410
2019-11-23T05:07:20.000Z,54.99505500000001,25.068692,25,31420
2019-11-23T05:07:32.000Z,54.994395,25.069272,25,31340
2019-11-23T05:07:38.000Z,54.994087,25.069537,25,31310
2019-11-23T05:07:44.000Z,54.993785,25.069797,25,31340
2019-11-23T05:07:50.000Z,54.99348199999999,25.070062,25,31330
2019-11-23T05:08:02.000Z,54.992918,25.070543,25,31310
2019-11-23T05:08:14.000Z,54.9923,25.071068,26,31280
2019-11-23T05:08:20.000Z,54.991992,25.071335,26,31330
2019-11-23T05:08:32.000Z,54.99132700000001,25.071908,26,31310
2019-11-23T05:08:44.000Z,54.990653,25.072477,26,31260
2019-11-23T05:08:50.000Z,54.99039499999999,25.072695,26,31270
2019-11-23T05:09:02.000Z,54.989775,25.073220000000006,26,31290
2019-11-23T05:09:14.000Z,54.98916,25.07375,25,31300
2019-11-23T05:09:20.000Z,54.988848,25.074013,25,31280
2019-11-23T05:09:32.000Z,54.988223,25.074538,25,31260
2019-11-23T05:09:45.000Z,54.987598,25.075067,25,31270
2019-11-23T05:09:50.000Z,54.987285,25.075332,25,31290
2019-11-23T05:10:02.000Z,54.986663,25.07586,25,31270
2019-11-23T05:10:14.000Z,54.986078000000006,25.076347,25,31220
2019-11-23T05:10:20.000Z,54.985763,25.07661,25,31240
2019-11-23T05:10:39.000Z,54.98477800000001,25.077447,25,31300
2019-11-23T05:10:44.000Z,54.984467,25.07771,25,31260
2019-11-23T05:10:50.000Z,54.984207,25.07793,25,31250
2019-11-23T05:11:02.000Z,54.983528,25.078497,25,31230
2019-11-23T05:11:14.000Z,54.982903,25.079022,25,31240
2019-11-23T05:11:20.000Z,54.982592,25.079283,25,31250
2019-11-23T05:11:32.000Z,54.981967,25.079808,25,31250
2019-11-23T05:11:39.000Z,54.981607,25.080115,25,31260
2019-11-23T05:11:44.000Z,54.981347,25.080335,25,31260
2019-11-23T05:11:50.000Z,54.981038,25.0806,25,31280
2019-11-23T05:12:02.000Z,54.980415,25.081125,25,31260
2019-11-23T05:12:14.000Z,54.97979300000001,25.081652,25,31290
2019-11-23T05:12:20.000Z,54.979537,25.081872,25,31300
2019-11-23T05:12:38.000Z,54.97855,25.082702,25,31240
2019-11-23T05:12:45.000Z,54.97824,25.082965,25,31270
2019-11-23T05:12:50.000Z,54.977932,25.083227,25,31280
2019-11-23T05:13:02.000Z,54.97731,25.083752,25,31280
2019-11-23T05:13:14.000Z,54.976742,25.084233,25,31270
2019-11-23T05:13:20.000Z,54.976432,25.084495,25,31270
2019-11-23T05:13:32.000Z,54.975805,25.085017,25,31240
2019-11-23T05:13:45.000Z,54.97507,25.085627,25,31280
2019-11-23T05:13:50.000Z,54.974812,25.085847,25,31290
2019-11-23T05:14:02.000Z,54.974187,25.08637,26,31230
2019-11-23T05:14:14.000Z,54.97356,25.086897,26,31250
2019-11-23T05:14:20.000Z,54.973248,25.087157,26,31250
2019-11-23T05:14:32.000Z,54.972625,25.087683,26,31260
2019-11-23T05:14:45.000Z,54.972003,25.088205,26,31240
2019-11-23T05:14:50.000Z,54.97169,25.088467,25,31230
2019-11-23T05:15:03.000Z,54.971068,25.08899,25,31260
2019-11-23T05:15:14.000Z,54.970452,25.089517,25,31290
2019-11-23T05:15:21.000Z,54.970142,25.089778,25,31250
2019-11-23T05:15:27.000Z,54.969828,25.09004,25,31240
2019-11-23T05:15:56.000Z,54.968263,25.091348,25,31230
2019-11-23T05:16:02.000Z,54.968003,25.09157,25,31270
2019-11-23T05:16:14.000Z,54.967298,25.0922,25,31400
2019-11-23T05:16:21.000Z,54.966988,25.092465,25,31260
2019-11-23T05:16:56.000Z,54.965217,25.094042,25,31410
2019-11-23T05:17:02.000Z,54.96491500000001,25.094312,25,31430
2019-11-23T05:17:15.000Z,54.964308,25.094855,25,31390
2019-11-23T05:17:21.000Z,54.96400300000001,25.095125,25,31390
2019-11-23T05:17:56.000Z,54.962197,25.096743,25,31420
2019-11-23T05:18:06.000Z,54.96169,25.097197,25,31420
2019-11-23T05:18:14.000Z,54.961287,25.09756,25,31420
2019-11-23T05:18:21.000Z,54.960982,25.097832,25,31390
2019-11-23T05:18:32.000Z,54.960422,25.098327,25,31380
2019-11-23T05:18:44.000Z,54.95976700000001,25.098913,25,31430
2019-11-23T05:18:50.000Z,54.959463,25.099185,25,31410
2019-11-23T05:19:02.000Z,54.95885300000001,25.09972,25,31360
2019-11-23T05:19:14.000Z,54.95824,25.100257,25,31370
2019-11-23T05:19:26.000Z,54.957637,25.100798,25,31420
2019-11-23T05:19:32.000Z,54.95738299999999,25.101022,25,31370
2019-11-23T05:19:44.000Z,54.956718,25.101603,25,31360
2019-11-23T05:19:50.000Z,54.956413,25.101873,25,31350
2019-11-23T05:20:02.000Z,54.955798,25.102412,25,31380
2019-11-23T05:20:14.000Z,54.95524200000001,25.102907,25,31410
2019-11-23T05:20:26.000Z,54.95461,25.103463,25,31410
2019-11-23T05:20:32.000Z,54.9543,25.103737,25,31370
2019-11-23T05:20:44.000Z,54.953683,25.104275,26,31360
2019-11-23T05:20:50.000Z,54.953377,25.104543,26,31350
2019-11-23T05:21:02.000Z,54.952763,25.105083,26,31400
2019-11-23T05:21:14.000Z,54.952103,25.10567,26,31410
2019-11-23T05:21:26.000Z,54.951492,25.10621,26,31350
2019-11-23T05:21:32.000Z,54.95118299999999,25.10648,26,31380
2019-11-23T05:21:44.000Z,54.950572,25.10702,25,31420
2019-11-23T05:21:50.000Z,54.95026800000001,25.107293,25,31430
2019-11-23T05:22:02.000Z,54.94966,25.107833,25,31390
2019-11-23T05:22:13.000Z,54.949098,25.108325,25,31380
2019-11-23T05:22:14.000Z,54.949098,25.108325,25,31380
2019-11-23T05:22:26.000Z,54.94849,25.108863,25,31370
2019-11-23T05:22:32.000Z,54.948185,25.109132,25,31370
2019-11-23T05:22:44.000Z,54.947523,25.109713,25,31370
2019-11-23T05:22:50.000Z,54.94722,25.109982,25,31370
2019-11-23T05:23:02.000Z,54.946615,25.110515,26,31380
2019-11-23T05:23:13.000Z,54.946068,25.111002,26,31410
2019-11-23T05:23:26.000Z,54.94546,25.111538,26,31360
2019-11-23T05:23:32.000Z,54.94515300000001,25.111808,25,31360
2019-11-23T05:23:44.000Z,54.944487,25.112393,25,31370
2019-11-23T05:23:50.000Z,54.944182,25.112665,25,31400
2019-11-23T05:24:08.000Z,54.94325799999999,25.113478,25,31360
2019-11-23T05:24:13.000Z,54.94295,25.113747,25,31340
2019-11-23T05:24:26.000Z,54.942338,25.114285,25,31390
2019-11-23T05:24:32.000Z,54.942035,25.114555,25,31390
2019-11-23T05:24:50.000Z,54.941163,25.115312,25,31300
2019-11-23T05:25:08.000Z,54.94019300000001,25.116162,25,31400
2019-11-23T05:25:14.000Z,54.939942,25.116383,25,31390
2019-11-23T05:25:20.000Z,54.939638,25.11665,25,31370
2019-11-23T05:25:32.000Z,54.939032,25.117195,25,31500
2019-11-23T05:25:38.000Z,54.93874,25.117463,25,31490
2019-11-23T05:25:44.000Z,54.93845,25.11773,25,31490
2019-11-23T05:25:56.000Z,54.937872,25.118247,25,31380
2019-11-23T05:26:08.000Z,54.937298,25.11876,25,31410
2019-11-23T05:26:13.000Z,54.936967,25.119057,25,31440
2019-11-23T05:26:20.000Z,54.936688,25.119313,25,31470
2019-11-23T05:26:32.000Z,54.93613199999999,25.119818,25,31440
2019-11-23T05:26:50.000Z,54.935345,25.120528,24,31440
2019-11-23T05:27:02.000Z,54.934747,25.121063,24,31420
2019-11-23T05:27:20.000Z,54.933927,25.121797,24,31420
2019-11-23T05:27:32.000Z,54.933435,25.122238,23,31410
2019-11-23T05:27:49.000Z,54.932637,25.122953,23,31410
2019-11-23T05:27:55.000Z,54.932372,25.12319,23,31430
2019-11-23T05:27:56.000Z,54.932372,25.12319,23,31430
2019-11-23T05:28:02.000Z,54.93211,25.123425,23,31450
2019-11-23T05:28:13.000Z,54.931588,25.123895,23,31450
2019-11-23T05:28:20.000Z,54.93133,25.124127,22,31440
2019-11-23T05:28:32.000Z,54.93081700000001,25.124587,21,31440
2019-11-23T05:28:56.000Z,54.929782,25.12552,21,31420
2019-11-23T05:29:02.000Z,54.929532,25.125743,21,31410
2019-11-23T05:29:13.000Z,54.929073,25.126153,21,31410
2019-11-23T05:29:20.000Z,54.928783,25.126408,21,31380
2019-11-23T05:29:30.000Z,54.92837,25.126772,21,31390
2019-11-23T05:29:44.000Z,54.9278,25.127278,21,31410
2019-11-23T05:29:59.000Z,54.927198,25.12781,21,31390
2019-11-23T05:30:20.000Z,54.92636,25.128547,20,31390
2019-11-23T05:30:30.000Z,54.92600699999999,25.128862,20,31390
2019-11-23T05:30:40.000Z,54.925578,25.129242,20,31380
2019-11-23T05:30:59.000Z,54.924882,25.129862,20,31410
2019-11-23T05:31:09.000Z,54.924462,25.13024,20,31450
2019-11-23T05:31:20.000Z,54.924048,25.130618,20,31460
2019-11-23T05:31:30.000Z,54.923675,25.13096,20,31490
2019-11-23T05:31:41.000Z,54.9233,25.131302,19,31450
2019-11-23T05:31:59.000Z,54.922585,25.131952,19,31460
2019-11-23T05:32:09.000Z,54.922212,25.132297,19,31500
2019-11-23T05:32:20.000Z,54.921802,25.132673,19,31470
2019-11-23T05:32:30.000Z,54.92146700000001,25.13298,18,31460
2019-11-23T05:32:41.000Z,54.921053,25.133355,19,31460
2019-11-23T05:32:50.000Z,54.920717,25.13366,19,31470
2019-11-23T05:33:10.000Z,54.919977,25.134338,19,31500
2019-11-23T05:33:20.000Z,54.919603,25.134677,19,31440
2019-11-23T05:33:30.000Z,54.919225,25.135015,19,31420
2019-11-23T05:33:40.000Z,54.91881,25.135388,19,31410
2019-11-23T05:33:49.000Z,54.91843000000001,25.135727,19,31330
2019-11-23T05:33:59.000Z,54.91808,25.136027,19,31310
2019-11-23T05:34:09.000Z,54.917698,25.136362,19,31310
2019-11-23T05:34:20.000Z,54.91728199999999,25.136732,19,31440
2019-11-23T05:34:30.000Z,54.91691,25.137078,19,31570
2019-11-23T05:34:40.000Z,54.916557,25.137437,19,31860
2019-11-23T05:34:53.000Z,54.916165,25.137887,19,32250
2019-11-23T05:35:03.000Z,54.91584200000001,25.138313,19,32590
2019-11-23T05:35:16.000Z,54.915497,25.138832,18,32990
2019-11-23T05:35:20.000Z,54.915398,25.138995,18,33100
2019-11-23T05:35:30.000Z,54.915195,25.139367,18,33370
2019-11-23T05:35:40.000Z,54.914973,25.139825,18,33690
2019-11-23T05:36:09.000Z,54.914535,25.141063,18,34530
2019-11-23T05:36:20.000Z,54.914423,25.141537,18,34840
2019-11-23T05:36:40.000Z,54.91431800000001,25.142433,17,35710
2019-11-23T05:37:09.000Z,54.9143,25.143628,16,120
2019-11-23T05:37:20.000Z,54.91431800000001,25.14408,16,20
2019-11-23T05:37:30.000Z,54.914325,25.144507,16,35900
2019-11-23T05:37:40.000Z,54.914317,25.144945,17,35810
2019-11-23T05:37:50.000Z,54.9143,25.145347,17,35650
2019-11-23T05:38:10.000Z,54.914238,25.146265,17,35610
2019-11-23T05:38:20.000Z,54.914207,25.146735,17,35580
2019-11-23T05:38:40.000Z,54.91412800000001,25.147695,17,35520
2019-11-23T05:38:50.000Z,54.914085,25.148233,18,35540
2019-11-23T05:39:00.000Z,54.914048,25.148733,18,35550
2019-11-23T05:39:20.000Z,54.913982,25.149748,18,35600
2019-11-23T05:39:29.000Z,54.913952,25.150213,18,35600
2019-11-23T05:39:40.000Z,54.91391700000001,25.150787,19,35620
2019-11-23T05:40:10.000Z,54.91382,25.152328,20,35640
2019-11-23T05:40:20.000Z,54.913788,25.15287,20,35640
2019-11-23T05:40:40.000Z,54.91372,25.153965,21,35640
2019-11-23T05:41:20.000Z,54.913583,25.156242,21,35660
2019-11-23T05:41:40.000Z,54.913513,25.157377,21,35630
2019-11-23T05:42:20.000Z,54.91336,25.159632,22,35620
2019-11-23T05:42:50.000Z,54.91324,25.161387,22,35630
2019-11-23T05:43:00.000Z,54.913198,25.161975,22,35640
2019-11-23T05:43:30.000Z,54.913092000000006,25.163765,22,35690
2019-11-23T05:44:00.000Z,54.912987,25.165632,23,35720
2019-11-23T05:44:41.000Z,54.91285300000001,25.168065,23,35670
2019-11-23T05:44:50.000Z,54.91282,25.16862,23,35660
2019-11-23T05:45:00.000Z,54.912777,25.169303,23,35650
2019-11-23T05:45:30.000Z,54.912648,25.171132,24,35620
2019-11-23T05:45:40.000Z,54.912598,25.171832,24,35590
2019-11-23T05:45:50.000Z,54.91255500000001,25.172408,24,35610
2019-11-23T05:46:00.000Z,54.912522,25.173065,24,35600
2019-11-23T05:46:50.000Z,54.912288,25.176422,25,35580
2019-11-23T05:47:00.000Z,54.912245,25.177098,25,35640
2019-11-23T05:47:20.000Z,54.912185,25.178463,25,35830
2019-11-23T05:47:30.000Z,54.912175,25.179152,25,35910
2019-11-23T05:47:42.000Z,54.912172,25.179907,26,35930
2019-11-23T05:47:50.000Z,54.912180000000006,25.180455,26,20
2019-11-23T05:47:55.000Z,54.912178,25.180803,26,70
2019-11-23T05:48:00.000Z,54.912153,25.181165,26,110
2019-11-23T05:48:18.000Z,54.912177,25.182513,26,290
2019-11-23T05:48:24.000Z,54.912202,25.182938,26,340
2019-11-23T05:48:30.000Z,54.912232,25.183362,26,370
2019-11-23T05:48:42.000Z,54.912292,25.184143,26,400
2019-11-23T05:49:01.000Z,54.91239300000001,25.185573,27,330
2019-11-23T05:49:12.000Z,54.912437,25.186365,27,260
2019-11-23T05:49:24.000Z,54.912485,25.18722,27,170
2019-11-23T05:49:42.000Z,54.912577,25.188485,27,140
2019-11-23T05:49:54.000Z,54.912618,25.189355,27,180
2019-11-23T05:50:18.000Z,54.91271999999999,25.191118,27,250
2019-11-23T05:50:48.000Z,54.91287,25.193335,28,270
2019-11-23T05:50:55.000Z,54.91289499999999,25.193782,28,230
2019-11-23T05:51:01.000Z,54.91291800000001,25.19423,28,210
2019-11-23T05:51:12.000Z,54.912965,25.195055,28,270
2019-11-23T05:51:30.000Z,54.913057,25.196498,28,480
2019-11-23T05:51:42.000Z,54.913158,25.197403,28,600
2019-11-23T05:51:54.000Z,54.91328000000001,25.198305,29,710
2019-11-23T05:52:01.000Z,54.91336,25.198828,29,760
2019-11-23T05:52:24.000Z,54.913645,25.20054,29,830
2019-11-23T05:52:30.000Z,54.913718,25.200988,29,820
2019-11-23T05:52:42.000Z,54.91384300000001,25.201812,29,760
2019-11-23T05:52:55.000Z,54.913982,25.202787,29,690
2019-11-23T05:53:01.000Z,54.914042,25.203237,29,650
2019-11-23T05:53:18.000Z,54.914207,25.204592,29,590
2019-11-23T05:53:24.000Z,54.914258,25.205045,29,580
2019-11-23T05:53:42.000Z,54.91441,25.206328,29,610
2019-11-23T05:53:54.000Z,54.914542,25.207387,29,620
2019-11-23T05:54:01.000Z,54.914602,25.207838,29,640
2019-11-23T05:54:19.000Z,54.91479,25.209193,29,690
2019-11-23T05:54:24.000Z,54.91484300000001,25.209570000000006,30,690
2019-11-23T05:54:36.000Z,54.914973,25.210477,30,720
2019-11-23T05:54:42.000Z,54.915037,25.210928,30,720
2019-11-23T05:54:54.000Z,54.915167,25.211837,30,730
2019-11-23T05:55:07.000Z,54.91529300000001,25.212745,30,710
2019-11-23T05:55:24.000Z,54.915475,25.214107,30,680
2019-11-23T05:55:36.000Z,54.91559300000001,25.215013,30,660
2019-11-23T05:56:00.000Z,54.915832,25.21683,30,660
2019-11-23T05:56:42.000Z,54.916257,25.220015,30,660
2019-11-23T05:56:54.000Z,54.91638,25.220927,30,670
2019-11-23T05:57:06.000Z,54.916502,25.221837,30,680
2019-11-23T05:57:19.000Z,54.916642,25.222823,30,680
2019-11-23T05:57:24.000Z,54.916693,25.223202,30,690
2019-11-23T05:57:42.000Z,54.916898,25.224573,30,700
2019-11-23T05:57:54.000Z,54.917022,25.225408,30,710
2019-11-23T05:58:00.000Z,54.9171,25.22594,30,720
2019-11-23T05:58:13.000Z,54.917235,25.226852,30,740
2019-11-23T05:58:30.000Z,54.917442,25.228217,30,740
2019-11-23T05:58:42.000Z,54.91756700000001,25.229048,30,740
2019-11-23T05:58:54.000Z,54.917712,25.230028,30,730
2019-11-23T05:59:19.000Z,54.91798000000001,25.231927,30,710
2019-11-23T05:59:30.000Z,54.918095,25.232763,30,700
2019-11-23T05:59:42.000Z,54.91822,25.233677,30,680
2019-11-23T06:00:06.000Z,54.91846500000001,25.235507,30,660
2019-11-23T06:00:19.000Z,54.918585,25.236423,30,650
2019-11-23T06:00:31.000Z,54.918708,25.237342,30,650
2019-11-23T06:00:42.000Z,54.918823,25.238187,30,680
2019-11-23T06:00:54.000Z,54.918955,25.239107,30,710
2019-11-23T06:01:01.000Z,54.919032,25.239643,30,720
2019-11-23T06:01:12.000Z,54.919158,25.240487,30,760
2019-11-23T06:01:24.000Z,54.919298,25.241412,30,780
2019-11-23T06:01:37.000Z,54.919468,25.242487,30,800
2019-11-23T06:01:48.000Z,54.919605,25.243328,30,800
2019-11-23T06:01:54.000Z,54.91968000000001,25.243788,30,800
2019-11-23T06:02:00.000Z,54.919753,25.244247,30,790
2019-11-23T06:02:30.000Z,54.920108,25.246565,30,740
2019-11-23T06:02:42.000Z,54.92024,25.247497,30,710
2019-11-23T06:02:54.000Z,54.920357,25.248355,30,670
2019-11-23T06:03:12.000Z,54.92054,25.249762,31,640
2019-11-23T06:03:24.000Z,54.92067,25.250782,31,630
2019-11-23T06:03:30.000Z,54.920730000000006,25.251252,31,640
2019-11-23T06:03:54.000Z,54.92096700000001,25.253058,31,650
2019-11-23T06:04:12.000Z,54.921175,25.254545,31,690
2019-11-23T06:04:30.000Z,54.921383,25.255948,31,730
2019-11-23T06:04:42.000Z,54.921523,25.256882,31,750
2019-11-23T06:05:13.000Z,54.921845,25.259207,31,710
2019-11-23T06:05:31.000Z,54.92204,25.260608,31,690
2019-11-23T06:05:49.000Z,54.922242,25.262017,31,710
2019-11-23T06:06:00.000Z,54.922383,25.262955,31,730
2019-11-23T06:06:13.000Z,54.922525,25.263892,31,730
2019-11-23T06:06:24.000Z,54.922655000000006,25.264833,31,670
2019-11-23T06:06:31.000Z,54.922737,25.265383,31,750
2019-11-23T06:06:49.000Z,54.922973,25.266718,31,990
2019-11-23T06:07:24.000Z,54.923687,25.269508,31,1460
2019-11-23T06:07:31.000Z,54.92384499999999,25.270047,31,1460
2019-11-23T06:07:42.000Z,54.92409,25.270895,31,1460
2019-11-23T06:08:00.000Z,54.92448,25.272187,31,1580
2019-11-23T06:08:13.000Z,54.924813,25.273193,31,1640
2019-11-23T06:08:31.000Z,54.92526700000001,25.274567,31,1680
2019-11-23T06:08:48.000Z,54.925758,25.275948,31,1910
2019-11-23T06:09:06.000Z,54.926307,25.27731,31,2140
2019-11-23T06:09:15.000Z,54.926535,25.277828,31,2190
2019-11-23T06:09:31.000Z,54.927152,25.27915,31,2290
2019-11-23T06:09:49.000Z,54.92773199999999,25.280393,31,2230
2019-11-23T06:10:06.000Z,54.92831700000001,25.281715,31,2100
2019-11-23T06:10:13.000Z,54.928503000000006,25.28216,31,2060
2019-11-23T06:10:37.000Z,54.929235,25.28393,31,1970
2019-11-23T06:10:42.000Z,54.92941800000001,25.284368,31,1970
2019-11-23T06:10:55.000Z,54.929782,25.285257,31,1990
2019-11-23T06:11:37.000Z,54.93109499999999,25.288448,31,2080
2019-11-23T06:11:42.000Z,54.93125,25.288818,31,2080
2019-11-23T06:12:00.000Z,54.931815,25.29015,31,2110
2019-11-23T06:12:06.000Z,54.932005,25.290593,31,2120
2019-11-23T06:12:24.000Z,54.932575,25.291927,31,2120
2019-11-23T06:12:31.000Z,54.932798,25.292448,31,2100
2019-11-23T06:12:55.000Z,54.933517,25.294157,31,2060
2019-11-23T06:13:00.000Z,54.933702,25.294602,31,2040
2019-11-23T06:13:13.000Z,54.93406700000001,25.295497,31,2010
2019-11-23T06:13:31.000Z,54.93460699999999,25.296838,31,1990
2019-11-23T06:13:46.000Z,54.935148,25.298182,31,2010
2019-11-23T06:13:55.000Z,54.93533000000001,25.298628,31,2020
2019-11-23T06:14:18.000Z,54.93606800000001,25.300413,31,2060
2019-11-23T06:14:37.000Z,54.93666,25.301825,31,2080
2019-11-23T06:14:55.000Z,54.937222,25.303165,31,2100
2019-11-23T06:15:13.000Z,54.93778199999999,25.304517,31,2110
2019-11-23T06:15:31.000Z,54.938312,25.305793,31,2100
2019-11-23T06:15:55.000Z,54.939068000000006,25.307568,31,2080
2019-11-23T06:16:18.000Z,54.939808,25.309343,31,2030
2019-11-23T06:16:31.000Z,54.940172,25.310235,31,2010
2019-11-23T06:16:42.000Z,54.940562,25.311205,31,1990
2019-11-23T06:17:00.000Z,54.94107,25.312475,31,1980
2019-11-23T06:17:13.000Z,54.941467,25.313432,31,1990
2019-11-23T06:18:13.000Z,54.94331500000001,25.317803,31,2100
2019-11-23T06:18:31.000Z,54.943893,25.319138,32,2120
2019-11-23T06:18:42.000Z,54.944282,25.320025,32,2130
2019-11-23T06:18:54.000Z,54.944667,25.320913,32,2130
2019-11-23T06:19:12.000Z,54.945232,25.322255,32,2110
2019-11-23T06:19:36.000Z,54.945978,25.324035,32,2050
2019-11-23T06:19:42.000Z,54.946162,25.32448,32,2030
2019-11-23T06:19:55.000Z,54.94655699999999,25.325447,32,2010
2019-11-23T06:20:01.000Z,54.946708,25.32582,32,2000
2019-11-23T06:20:42.000Z,54.947962,25.328938,32,2000
2019-11-23T06:20:55.000Z,54.948323,25.329832,31,2020
2019-11-23T06:21:00.000Z,54.948505,25.330275,31,2020
2019-11-23T06:21:42.000Z,54.949813,25.33338,31,2110
2019-11-23T06:21:54.000Z,54.950195,25.33427,31,2110
2019-11-23T06:22:00.000Z,54.950385,25.334715,31,2110
2019-11-23T06:22:12.000Z,54.950765,25.335607,31,2100
2019-11-23T06:22:37.000Z,54.951505,25.337383,31,2060
2019-11-23T06:22:49.000Z,54.951872,25.338272,31,2040
2019-11-23T06:22:54.000Z,54.952053,25.338715,31,2030
2019-11-23T06:23:48.000Z,54.953675,25.342732,31,1930
2019-11-23T06:24:48.000Z,54.95521700000001,25.347288,31,1610
2019-11-23T06:25:54.000Z,54.956875,25.352303,31,1470
2019-11-23T06:26:12.000Z,54.957238,25.35361,31,1380
2019-11-23T06:26:31.000Z,54.957637,25.355077,31,1390
2019-11-23T06:27:19.000Z,54.958705,25.358857,31,1470
2019-11-23T06:27:37.000Z,54.959088,25.360163,31,1480
2019-11-23T06:27:43.000Z,54.959222,25.360625,31,1480
2019-11-23T06:28:06.000Z,54.959758,25.362468,31,1460
2019-11-23T06:28:19.000Z,54.960023,25.363392,31,1440
2019-11-23T06:28:37.000Z,54.96041700000001,25.364778,31,1410
2019-11-23T06:31:18.000Z,54.963985,25.377263,31,1390
2019-11-23T06:32:31.000Z,54.965525,25.382892,31,1370
2019-11-23T06:32:48.000Z,54.965867,25.384132,31,1390
2019-11-23T06:34:24.000Z,54.968072,25.391738,32,1480
2019-11-23T06:49:36.000Z,54.99408,25.461333,31,2150
2019-11-23T06:50:06.000Z,54.99504,25.463547,31,2150
2019-11-23T07:01:28.000Z,55.019207,25.511907,32,3780
2019-11-23T07:03:24.000Z,55.02624,25.5188,31,4210
2019-11-23T07:08:30.000Z,55.04354300000001,25.536027,31,4360
2019-11-23T07:11:16.000Z,55.05424,25.545873,31,4270
2019-11-23T07:11:33.000Z,55.055257,25.546847,31,4360
2019-11-23T07:14:39.000Z,55.06661,25.557528,31,4410
2019-11-23T07:16:30.000Z,55.072963,25.563665,31,4360
2019-11-23T07:18:45.000Z,55.081402,25.571620000000006,31,4280
2019-11-23T07:20:04.000Z,55.086087,25.576107,31,4410
2019-11-23T07:20:10.000Z,55.086452,25.576448000000006,31,4410
2019-11-23T07:20:22.000Z,55.087185,25.57713,31,4420
2019-11-23T07:20:33.000Z,55.08792,25.577813,31,4430
2019-11-23T07:21:46.000Z,55.092263,25.581952,31,4280
2019-11-23T07:22:17.000Z,55.094413,25.58405,31,4310
2019-11-23T07:22:28.000Z,55.094773,25.5844,31,4310
2019-11-23T07:22:35.000Z,55.095137,25.58475,31,4320
2019-11-23T07:23:03.000Z,55.096958,25.586495000000006,32,4370
2019-11-23T07:23:33.000Z,55.09842800000001,25.58787,32,4420
2019-11-23T07:23:38.000Z,55.099103,25.588495,32,4430
2019-11-23T07:24:18.000Z,55.101373,25.590605,31,4400
2019-11-23T07:25:51.000Z,55.107338,25.596028,32,4640
2019-11-23T07:27:03.000Z,55.11148000000001,25.599625,32,4610
2019-11-23T07:27:32.000Z,55.11383299999999,25.60166,32,4670
2019-11-23T07:27:38.000Z,55.11421800000001,25.60199,32,4680
2019-11-23T07:28:28.000Z,55.117313,25.604625,32,4660
2019-11-23T07:29:22.000Z,55.120767,25.60759,32,4680
2019-11-23T07:30:16.000Z,55.1243,25.610583,32,4690
2019-11-23T07:31:07.000Z,55.12761500000001,25.613413,32,4690
2019-11-23T07:32:52.000Z,55.134322,25.618958,31,5230
2019-11-23T07:34:16.000Z,55.14032,25.622787,31,5230
2019-11-23T07:34:35.000Z,55.141553,25.623675,31,5110
2019-11-23T07:34:52.000Z,55.142785,25.62457,31,5140
2019-11-23T07:36:07.000Z,55.146973,25.62745,32,5360
2019-11-23T07:37:27.000Z,55.153697,25.632028,31,5240
2019-11-23T07:37:34.000Z,55.15419,25.632365,31,5270
2019-11-23T07:37:42.000Z,55.154542000000006,25.632605,31,5270
2019-11-23T07:38:00.000Z,55.155873,25.633522,31,5220
2019-11-23T07:38:04.000Z,55.156218,25.633767,31,5270
2019-11-23T07:38:48.000Z,55.159737,25.63591,31,5940
2019-11-23T07:43:40.000Z,55.181628,25.647363,31,6400
2019-11-23T07:48:21.000Z,55.203482,25.657607,31,6260
2019-11-23T07:48:51.000Z,55.205727,25.658663,31,6340
2019-11-23T07:49:20.000Z,55.20809000000001,25.65967,31,6620
2019-11-23T07:49:40.000Z,55.209612,25.660253,31,6730
2019-11-23T07:49:55.000Z,55.21049300000001,25.660587,31,6720
2019-11-23T07:50:07.000Z,55.21153,25.660988,31,6670
2019-11-23T07:50:32.000Z,55.213902,25.661958,31,6520
2019-11-23T07:50:51.000Z,55.21532,25.662558,31,6520
2019-11-23T07:52:46.000Z,55.224335,25.666218,31,6570
2019-11-23T07:53:28.000Z,55.227633,25.66757,31,6550
2019-11-23T07:53:40.000Z,55.228655,25.66799,31,6560
2019-11-23T07:54:14.000Z,55.23094200000001,25.668913,31,6590
2019-11-23T07:55:28.000Z,55.237097,25.671387,31,6600
2019-11-23T07:55:39.000Z,55.238122,25.671798000000006,31,6590
2019-11-23T07:56:08.000Z,55.240413,25.672732,31,6590
2019-11-23T07:56:59.000Z,55.24375300000001,25.674078,31,6630
2019-11-23T07:57:26.000Z,55.245585,25.674807,31,6650
2019-11-23T07:59:04.000Z,55.254247,25.678285,31,6580
2019-11-23T07:59:57.000Z,55.258233,25.680252,31,5720
2019-11-23T08:00:09.000Z,55.259198,25.680872,31,5420
2019-11-23T08:00:21.000Z,55.259938,25.681387,31,5230
2019-11-23T08:00:42.000Z,55.261208,25.682297,31,5190
2019-11-23T08:01:04.000Z,55.262725,25.68343,31,4940
2019-11-23T08:01:10.000Z,55.263112,25.683738,31,4880
2019-11-23T08:01:27.000Z,55.264275,25.68466,31,4830
2019-11-23T08:01:35.000Z,55.26465200000001,25.684977,31,4710
2019-11-23T08:01:54.000Z,55.265722,25.685967,31,4310
2019-11-23T08:02:27.000Z,55.267658,25.688033,31,3930
2019-11-23T08:02:40.000Z,55.26835300000001,25.688818,31,3880
2019-11-23T08:03:10.000Z,55.270037,25.690608,31,4100
2019-11-23T08:03:21.000Z,55.270727,25.691315,31,4200
2019-11-23T08:03:34.000Z,55.271423,25.692017,31,4300
2019-11-23T08:04:21.000Z,55.274197,25.694735,31,4250
2019-11-23T08:04:40.000Z,55.27529499999999,25.695855,31,4150
2019-11-23T08:04:58.000Z,55.275985,25.69657,31,4110
2019-11-23T08:05:18.000Z,55.277423,25.698065,31,4150
2019-11-23T08:05:22.000Z,55.277712,25.698363,31,4140
2019-11-23T08:05:41.000Z,55.278755,25.699432,31,4170
2019-11-23T08:05:52.000Z,55.27945500000001,25.700142,31,4180
2019-11-23T08:06:28.000Z,55.28157,25.70228,31,4230
2019-11-23T08:06:34.000Z,55.281923,25.702637,31,4230
2019-11-23T08:06:40.000Z,55.282275,25.70299,31,4230
2019-11-23T08:06:51.000Z,55.282923,25.703642,31,4220
2019-11-23T08:07:04.000Z,55.283685,25.70441,31,4200
2019-11-23T08:07:11.000Z,55.284038,25.704768,31,4200
2019-11-23T08:07:22.000Z,55.284682,25.705422,31,4180
2019-11-23T08:08:29.000Z,55.288598,25.709402,31,4200
2019-11-23T08:09:40.000Z,55.292508,25.713307,31,4240
2019-11-23T08:10:10.000Z,55.294665,25.715517,31,4100
2019-11-23T08:10:22.000Z,55.295298,25.71618,31,4080
2019-11-23T08:10:34.000Z,55.296052,25.716963,31,4100
2019-11-23T08:10:50.000Z,55.29704,25.717982,31,4140
2019-11-23T08:11:28.000Z,55.299153,25.720127,31,4270
2019-11-23T08:12:46.000Z,55.303865,25.724765,31,4290
2019-11-23T08:13:04.000Z,55.304872,25.725763,31,4270
2019-11-23T08:13:11.000Z,55.305285,25.726177,31,4250
2019-11-23T08:13:22.000Z,55.30593199999999,25.726828,31,4240
2019-11-23T08:13:46.000Z,55.30734,25.72826,31,4200
2019-11-23T08:13:58.000Z,55.30804300000001,25.728978,31,4200
2019-11-23T08:14:48.000Z,55.31120799999999,25.732198,31,4200
2019-11-23T08:15:04.000Z,55.311855,25.732847,31,4210
2019-11-23T08:15:22.000Z,55.312975,25.733965,31,4220
2019-11-23T08:15:57.000Z,55.315167,25.736103,32,4290
2019-11-23T08:16:04.000Z,55.31540699999999,25.73634,32,4280
2019-11-23T08:16:10.000Z,55.315823,25.73675,32,4290
2019-11-23T08:16:22.000Z,55.316538,25.737453,32,4280
2019-11-23T08:16:28.000Z,55.316835,25.737748,32,4300
2019-11-23T08:16:51.000Z,55.318322,25.739223000000006,32,4270
2019-11-23T08:17:05.000Z,55.318972,25.739865,32,4260
2019-11-23T08:17:11.000Z,55.319385,25.740275,32,4250
2019-11-23T08:17:22.000Z,55.320033,25.740920000000006,32,4240
2019-11-23T08:17:34.000Z,55.320802,25.741685,31,4230
2019-11-23T08:17:40.000Z,55.32115699999999,25.742038,32,4220
2019-11-23T08:17:59.000Z,55.32221800000001,25.743062,32,4200
2019-11-23T08:18:10.000Z,55.32293000000001,25.743755,32,4210
2019-11-23T08:18:23.000Z,55.3237,25.74452,32,4180
2019-11-23T08:18:33.000Z,55.324355,25.74517,32,4240
2019-11-23T08:18:40.000Z,55.32471500000001,25.745525,32,4280
2019-11-23T08:18:52.000Z,55.325442,25.746227,32,4360
2019-11-23T08:19:57.000Z,55.32949300000001,25.749925,32,4480
2019-11-23T08:20:05.000Z,55.329928,25.750323,32,4470
2019-11-23T08:20:10.000Z,55.3303,25.750668,32,4450
2019-11-23T08:20:25.000Z,55.3311,25.751417,32,4420
2019-11-23T08:20:52.000Z,55.332878,25.753087,32,4430
2019-11-23T08:21:05.000Z,55.33361800000001,25.753773,32,4440
2019-11-23T08:21:26.000Z,55.33479300000001,25.754857,32,4460
2019-11-23T08:21:47.000Z,55.336222,25.756162,32,4490
2019-11-23T08:21:52.000Z,55.336595,25.756502,32,4490
2019-11-23T08:22:05.000Z,55.33734000000001,25.757178,32,4490
2019-11-23T08:22:17.000Z,55.338088,25.757853,32,4480
2019-11-23T08:22:23.000Z,55.33846,25.758193,32,4470
2019-11-23T08:23:07.000Z,55.340713,25.76022,32,4560
2019-11-23T08:23:22.000Z,55.342298,25.761617,31,4620
2019-11-23T08:23:46.000Z,55.343828,25.762943,31,4640
2019-11-23T08:24:17.000Z,55.345668,25.764552,31,4610
2019-11-23T08:24:22.000Z,55.346047,25.764887,31,4590
2019-11-23T08:24:54.000Z,55.348248,25.76684,31,4600
2019-11-23T08:25:11.000Z,55.34907,25.767565,32,4600
2019-11-23T08:25:22.000Z,55.349828,25.768233,31,4600
2019-11-23T08:25:33.000Z,55.350585,25.768902,32,4590
2019-11-23T08:25:57.000Z,55.352103,25.770235,32,4600
2019-11-23T08:26:17.000Z,55.35324,25.77124,32,4600
2019-11-23T08:26:22.000Z,55.353618,25.771575,32,4600
2019-11-23T08:26:33.000Z,55.354378,25.772242,32,4620
2019-11-23T08:26:49.000Z,55.355518,25.773237,32,4610
2019-11-23T08:26:57.000Z,55.355898,25.773567,32,4600
2019-11-23T08:27:03.000Z,55.356215,25.773842,32,4600
2019-11-23T08:27:10.000Z,55.35666,25.774227,32,4600
2019-11-23T08:27:28.000Z,55.357738,25.775167,32,4600
2019-11-23T08:27:46.000Z,55.358947,25.77623,32,4590
2019-11-23T08:27:52.000Z,55.35939200000001,25.776622,32,4590
2019-11-23T08:27:57.000Z,55.35971,25.7769,32,4600
2019-11-23T08:28:10.000Z,55.360468,25.777565,32,4600
2019-11-23T08:28:29.000Z,55.361675,25.77862,32,4600
2019-11-23T08:28:52.000Z,55.363198,25.779952,32,4590
2019-11-23T08:29:05.000Z,55.36396,25.780617000000003,32,4600
2019-11-23T08:29:10.000Z,55.36428000000001,25.780895,32,4590
2019-11-23T08:29:30.000Z,55.365425,25.781902,31,4590
2019-11-23T08:29:53.000Z,55.366948,25.783245,32,4590
2019-11-23T08:30:11.000Z,55.368028,25.784195,32,4590
2019-11-23T08:30:28.000Z,55.369297,25.785308,32,4590
2019-11-23T08:30:43.000Z,55.370062,25.785978,32,4600
2019-11-23T08:31:06.000Z,55.37159200000001,25.787315,32,4600
2019-11-23T08:31:41.000Z,55.37383199999999,25.789305,32,4770
2019-11-23T08:31:53.000Z,55.37423199999999,25.789632,32,4880
2019-11-23T08:32:18.000Z,55.375802,25.790825,32,5160
2019-11-23T08:32:57.000Z,55.37925300000001,25.793183,32,5290
2019-11-23T08:33:04.000Z,55.379737,25.793522,32,5250
2019-11-23T08:33:38.000Z,55.382123,25.79528,32,5070
2019-11-23T08:33:46.000Z,55.382597,25.795637,32,5060
2019-11-23T08:33:54.000Z,55.383277,25.796148,32,5080
2019-11-23T08:34:30.000Z,55.385827,25.798025,32,5160
2019-11-23T08:34:52.000Z,55.387068000000006,25.798923,32,5180
2019-11-23T08:35:23.000Z,55.38922,25.800477,32,5170
2019-11-23T08:35:35.000Z,55.389977,25.801028,32,5180
2019-11-23T08:35:44.000Z,55.39039200000001,25.80133,32,5170
2019-11-23T08:36:17.000Z,55.392945,25.803173,32,5180
2019-11-23T08:36:42.000Z,55.394532,25.804322,32,5180
2019-11-23T08:36:53.000Z,55.39536,25.804923,32,5120
2019-11-23T08:37:05.000Z,55.396187,25.805532,32,5120
2019-11-23T08:37:16.000Z,55.39701700000001,25.806133,32,5160
2019-11-23T08:37:27.000Z,55.39785,25.806737,32,5160
2019-11-23T08:37:45.000Z,55.398613,25.80729,32,5170
2019-11-23T08:38:12.000Z,55.400423,25.808592,32,5200
2019-11-23T08:38:54.000Z,55.404122,25.811218,32,5230
2019-11-23T08:39:03.000Z,55.404542000000006,25.811513,32,5230
2019-11-23T08:39:25.000Z,55.405382,25.81211,32,5230
2019-11-23T08:39:30.000Z,55.40580300000001,25.812408,32,5270
2019-11-23T08:39:37.000Z,55.40664200000001,25.813007,32,5200
2019-11-23T08:40:22.000Z,55.409907,25.815478,32,4910
2019-11-23T08:40:37.000Z,55.410777,25.816167,32,4910
2019-11-23T08:40:51.000Z,55.411917,25.817067,32,4960
2019-11-23T08:41:08.000Z,55.41313,25.818018,32,4990
2019-11-23T08:41:22.000Z,55.413938,25.818653,32,4990
2019-11-23T08:41:37.000Z,55.414748,25.819288,32,4980
2019-11-23T08:42:03.000Z,55.416707,25.820813,32,4980
2019-11-23T08:42:10.000Z,55.41718,25.821178,32,4970
2019-11-23T08:42:22.000Z,55.417925,25.821753,32,4990
2019-11-23T08:42:31.000Z,55.4184,25.82212,32,4980
2019-11-23T08:43:04.000Z,55.420847,25.823985,32,4960
2019-11-23T08:43:10.000Z,55.421255,25.824297,32,4970
2019-11-23T08:43:29.000Z,55.42254300000001,25.825292,32,4950
2019-11-23T08:43:35.000Z,55.422882,25.825553,32,4950
2019-11-23T08:43:46.000Z,55.423703,25.826187,32,4970
2019-11-23T08:43:51.000Z,55.424113,25.826505,32,4960
2019-11-23T08:44:05.000Z,55.424925,25.827135,32,4950
2019-11-23T08:44:17.000Z,55.425737,25.827763,32,4960
2019-11-23T08:44:37.000Z,55.427288,25.828967,32,4960
2019-11-23T08:44:54.000Z,55.428502,25.829915,32,4980
2019-11-23T08:45:11.000Z,55.429312,25.830548,32,4980
2019-11-23T08:45:23.000Z,55.43026,25.831287,32,5000
2019-11-23T08:45:37.000Z,55.431005000000006,25.831865,32,5020
2019-11-23T08:45:46.000Z,55.431815,25.832495,32,5010
2019-11-23T08:45:57.000Z,55.432622,25.833125,32,4980
2019-11-23T08:46:08.000Z,55.43309300000001,25.833492,32,4980
2019-11-23T08:46:27.000Z,55.43464300000001,25.83469,32,4950
2019-11-23T08:46:34.000Z,55.435047,25.835002,32,4940
2019-11-23T08:46:46.000Z,55.43585699999999,25.835627,32,4960
2019-11-23T08:46:51.000Z,55.436263,25.835938,32,4980
2019-11-23T08:47:05.000Z,55.437075,25.836563,32,5000
2019-11-23T08:47:10.000Z,55.437482,25.836875,32,5020
2019-11-23T08:47:23.000Z,55.438298,25.837498,32,5040
2019-11-23T08:47:48.000Z,55.439855,25.83869,32,5050
2019-11-23T08:48:10.000Z,55.441553000000006,25.839978,32,5050
2019-11-23T08:48:22.000Z,55.442438,25.840652,32,5020
2019-11-23T08:48:47.000Z,55.44406800000001,25.841898,32,4970
2019-11-23T08:48:53.000Z,55.444405,25.84216,32,4960
2019-11-23T08:49:10.000Z,55.44561700000001,25.843108,32,4950
2019-11-23T08:49:22.000Z,55.446423,25.84374,32,4950
2019-11-23T08:49:34.000Z,55.447228,25.844373,32,4930
2019-11-23T08:49:48.000Z,55.44803,25.84501,32,4920
2019-11-23T08:50:10.000Z,55.44964,25.846283,32,4930
2019-11-23T08:50:20.000Z,55.45038,25.846868,32,4940
2019-11-23T08:50:33.000Z,55.451258,25.847555,32,4950
2019-11-23T08:50:48.000Z,55.45214,25.84824,32,4950
2019-11-23T08:50:59.000Z,55.452953,25.848867,32,4970
2019-11-23T08:51:06.000Z,55.453357,25.849183,32,4960
2019-11-23T08:51:16.000Z,55.454102,25.84976,32,4960
2019-11-23T08:51:22.000Z,55.45450699999999,25.850075,32,4950
2019-11-23T08:51:33.000Z,55.455313,25.850708,32,4930
2019-11-23T08:51:47.000Z,55.456187,25.851397,32,4930
2019-11-23T08:51:52.000Z,55.456523,25.851662,32,4930
2019-11-23T08:52:05.000Z,55.457327,25.8523,32,4910
2019-11-23T08:52:10.000Z,55.457728,25.852622,32,4910
2019-11-23T08:52:35.000Z,55.45926800000001,25.853848,32,4940
2019-11-23T08:52:46.000Z,55.460075,25.854487,32,4950
2019-11-23T08:53:05.000Z,55.460547,25.854857,32,4950
2019-11-23T08:53:59.000Z,55.465058,25.858403,32,4910
2019-11-23T08:54:05.000Z,55.465458,25.858722,32,4910
2019-11-23T08:54:11.000Z,55.46579200000001,25.858988,32,4900
2019-11-23T08:54:23.000Z,55.466595,25.859623000000006,32,4920
2019-11-23T08:54:47.000Z,55.468132,25.860838,32,4950
2019-11-23T08:54:54.000Z,55.468602,25.861205,32,4940
2019-11-23T08:55:05.000Z,55.469407,25.86184,32,4950
2019-11-23T08:55:10.000Z,55.46981,25.862155,32,4940
2019-11-23T08:55:22.000Z,55.470615,25.862788,32,4940
2019-11-23T08:56:04.000Z,55.47261700000001,25.864378,32,4830
2019-11-23T08:56:52.000Z,55.476443,25.867698,32,4610
2019-11-23T08:57:07.000Z,55.47759,25.86869,32,4690
2019-11-23T08:57:12.000Z,55.477975,25.869017000000003,32,4720
2019-11-23T08:57:23.000Z,55.478362,25.86934,32,4760
2019-11-23T08:57:45.000Z,55.47986,25.870563,32,4890
2019-11-23T08:57:57.000Z,55.480782,25.871293,32,4950
2019-11-23T08:58:04.000Z,55.481112,25.871553,32,4960
2019-11-23T08:58:17.000Z,55.481908,25.872173,32,4980
2019-11-23T08:58:29.000Z,55.482707,25.872795,32,4970
2019-11-23T08:58:34.000Z,55.483102,25.873105,32,4960
2019-11-23T08:58:46.000Z,55.483893,25.873725,32,4930
2019-11-23T08:58:51.000Z,55.484287,25.874037,32,4920
2019-11-23T08:59:04.000Z,55.48506999999999,25.874663,32,4860
2019-11-23T08:59:25.000Z,55.486237,25.875608,31,4800
2019-11-23T08:59:34.000Z,55.486623,25.875925,31,4780
2019-11-23T09:00:04.000Z,55.48886,25.877808,31,4750
2019-11-23T09:00:11.000Z,55.489307,25.878185,31,4760
2019-11-23T09:00:22.000Z,55.490073,25.878827,31,4760
2019-11-23T09:00:40.000Z,55.49130200000001,25.879835,31,4790
2019-11-23T09:00:51.000Z,55.492017,25.880415,31,4810
2019-11-23T09:01:06.000Z,55.492798,25.881047,31,4820
2019-11-23T09:01:34.000Z,55.49475500000001,25.882633,31,4850
2019-11-23T09:01:40.000Z,55.495148,25.88295,31,4850
2019-11-23T09:02:00.000Z,55.49671800000001,25.884207,31,4830
2019-11-23T09:02:12.000Z,55.497113,25.88452,31,4840
2019-11-23T09:02:22.000Z,55.497897,25.885148,31,4830
2019-11-23T09:02:35.000Z,55.498617,25.885727,31,4820
2019-11-23T09:02:46.000Z,55.499402,25.886362,31,4810
2019-11-23T09:03:06.000Z,55.501098,25.88775,31,4830
2019-11-23T09:03:10.000Z,55.501098,25.88775,31,4830
2019-11-23T09:03:21.000Z,55.501885,25.88839,31,4840
2019-11-23T09:03:39.000Z,55.503,25.889293,31,4860
2019-11-23T09:03:46.000Z,55.503393,25.889612,31,4860
2019-11-23T09:03:51.000Z,55.503787,25.889928,31,4850
2019-11-23T09:04:04.000Z,55.504573,25.89056,31,4860
2019-11-23T09:04:10.000Z,55.50496700000001,25.890877,31,4850
2019-11-23T09:04:22.000Z,55.50575300000001,25.891507,32,4860
2019-11-23T09:04:30.000Z,55.506145,25.891825,32,4850
2019-11-23T09:04:46.000Z,55.50731800000001,25.892782,32,4850
2019-11-23T09:04:52.000Z,55.50771,25.8931,32,4840
2019-11-23T09:05:07.000Z,55.508883,25.894057,32,4830
2019-11-23T09:05:13.000Z,55.509273,25.894375,32,4810
2019-11-23T09:05:22.000Z,55.509663,25.894695,32,4800
2019-11-23T09:05:34.000Z,55.51044200000001,25.895337,32,4780
2019-11-23T09:05:41.000Z,55.510895,25.895713,32,4770
2019-11-23T09:05:51.000Z,55.51161,25.896305,32,4770
2019-11-23T09:06:07.000Z,55.51285,25.897323,32,4770
2019-11-23T09:06:17.000Z,55.513245,25.897643,32,4770
2019-11-23T09:06:22.000Z,55.513572,25.897912,32,4770
2019-11-23T09:06:43.000Z,55.51512,25.899207,32,4790
2019-11-23T09:06:55.000Z,55.515892,25.899857,32,4810
2019-11-23T09:07:07.000Z,55.516662,25.9005,32,4840
2019-11-23T09:07:17.000Z,55.51705,25.90082,32,4840
2019-11-23T09:07:25.000Z,55.51744,25.90114,32,4850
2019-11-23T09:07:35.000Z,55.518225,25.901777,32,4850
2019-11-23T09:07:40.000Z,55.518618,25.902095000000006,32,4860
2019-11-23T09:07:55.000Z,55.5198,25.903047,32,4860
2019-11-23T09:08:10.000Z,55.520653,25.903737,32,4860
2019-11-23T09:08:40.000Z,55.522562,25.90528,32,4840
2019-11-23T09:08:51.000Z,55.523348,25.905918,32,4820
2019-11-23T09:09:09.000Z,55.52452,25.906883,32,4800
2019-11-23T09:09:20.000Z,55.524912,25.907207,32,4800
2019-11-23T09:09:30.000Z,55.525693,25.907855,32,4780
2019-11-23T09:09:43.000Z,55.526473,25.908507,32,4770
2019-11-23T09:10:10.000Z,55.528425,25.910123,32,4790
2019-11-23T09:10:27.000Z,55.529537,25.91103,32,4800
2019-11-23T09:10:39.000Z,55.530453,25.911777,32,4820
2019-11-23T09:10:47.000Z,55.530848,25.912097,32,4820
2019-11-23T09:10:52.000Z,55.531242000000006,25.912417,32,4830
2019-11-23T09:11:07.000Z,55.532427,25.913378,32,4830
2019-11-23T09:11:23.000Z,55.53321500000001,25.914022,32,4830
2019-11-23T09:11:33.000Z,55.534002,25.914665,32,4830
2019-11-23T09:11:47.000Z,55.534722,25.915252,32,4820
2019-11-23T09:11:53.000Z,55.53511500000001,25.915572,32,4820
2019-11-23T09:12:10.000Z,55.53629300000001,25.916528,32,4810
2019-11-23T09:12:33.000Z,55.537857,25.917818,32,4760
2019-11-23T09:12:40.000Z,55.538248,25.918143,32,4750
2019-11-23T09:13:04.000Z,55.539422,25.919113,32,4760
2019-11-23T09:13:29.000Z,55.541387,25.920738,32,4790
2019-11-23T09:13:48.000Z,55.542635,25.921763,32,4810
2019-11-23T09:13:52.000Z,55.542962,25.922033,32,4820
2019-11-23T09:14:04.000Z,55.543685,25.922623,32,4820
2019-11-23T09:14:10.000Z,55.54414499999999,25.923,32,4830
2019-11-23T09:14:21.000Z,55.544932,25.923648,32,4800
2019-11-23T09:14:46.000Z,55.546502,25.924945,32,4800
2019-11-23T09:14:51.000Z,55.54682800000001,25.925217,32,4780
2019-11-23T09:15:04.000Z,55.547612,25.92587,32,4780
2019-11-23T09:15:17.000Z,55.54846,25.926578,32,4780
2019-11-23T09:15:27.000Z,55.549243,25.927227,32,4770
2019-11-23T09:15:34.000Z,55.549635,25.92755,32,4780
2019-11-23T09:15:52.000Z,55.550812,25.928517000000006,32,4780
2019-11-23T09:16:12.000Z,55.55238000000001,25.929813,32,4770
2019-11-23T09:16:28.000Z,55.553165,25.930463,32,4760
2019-11-23T09:16:40.000Z,55.553947,25.931115,32,4760
2019-11-23T09:16:47.000Z,55.554337,25.931442,32,4760
2019-11-23T09:17:05.000Z,55.555447,25.932368,32,4780
2019-11-23T09:17:21.000Z,55.5567,25.933395,32,4790
2019-11-23T09:17:39.000Z,55.557888,25.934367,32,4790
2019-11-23T09:17:54.000Z,55.558612,25.934963,32,4790
2019-11-23T09:18:09.000Z,55.559862,25.935997,32,4790
2019-11-23T09:18:27.000Z,55.56111,25.937033,32,4790
2019-11-23T09:18:39.000Z,55.56183299999999,25.93763,32,4780
2019-11-23T09:19:06.000Z,55.563825,25.93924,32,4800
2019-11-23T09:19:25.000Z,55.565022,25.940208,32,4800
2019-11-23T09:19:31.000Z,55.56541800000001,25.940532,32,4810
2019-11-23T09:19:46.000Z,55.566215,25.941178,32,4810
2019-11-23T09:20:05.000Z,55.56740300000001,25.942152,32,4790
2019-11-23T09:20:10.000Z,55.567733,25.942423,32,4780
2019-11-23T09:20:20.000Z,55.568525,25.943072,32,4770
2019-11-23T09:20:33.000Z,55.569383,25.943773,32,4770
2019-11-23T09:20:51.000Z,55.570575,25.944745,32,4760
2019-11-23T09:21:07.000Z,55.571747,25.94573,32,4690
2019-11-23T09:21:16.000Z,55.572132,25.946062,32,4680
2019-11-23T09:21:21.000Z,55.572518,25.946395000000006,32,4670
2019-11-23T09:21:42.000Z,55.574063,25.947723,32,4690
2019-11-23T09:21:53.000Z,55.574452,25.948055,32,4720
2019-11-23T09:22:05.000Z,55.57523199999999,25.948713,32,4750
2019-11-23T09:22:06.000Z,55.575625,25.94904,32,4760
2019-11-23T09:22:10.000Z,55.575625,25.94904,32,4760
2019-11-23T09:22:21.000Z,55.576415,25.949688,32,4790
2019-11-23T09:22:34.000Z,55.577207,25.950332,32,4830
2019-11-23T09:22:55.000Z,55.578327,25.951243,32,4850
2019-11-23T09:23:10.000Z,55.579508,25.9522,32,4840
2019-11-23T09:23:27.000Z,55.580753,25.953208,32,4820
2019-11-23T09:23:39.000Z,55.581537,25.953848,32,4800
2019-11-23T09:24:01.000Z,55.583102,25.955145,32,4760
2019-11-23T09:24:21.000Z,55.584273,25.956125,32,4760
2019-11-23T09:24:38.000Z,55.585448,25.957095,32,4780
2019-11-23T09:24:46.000Z,55.585843,25.957415,32,4770
2019-11-23T09:25:01.000Z,55.587027,25.958375,32,4780
2019-11-23T09:25:13.000Z,55.587813,25.959017000000006,32,4780
2019-11-23T09:25:24.000Z,55.588537,25.959603,32,4790
2019-11-23T09:25:36.000Z,55.589325,25.960245,32,4800
2019-11-23T09:25:46.000Z,55.589787,25.96062,32,4800
2019-11-23T09:26:05.000Z,55.591038,25.961632,32,4810
2019-11-23T09:26:10.000Z,55.591435,25.961952,32,4820
2019-11-23T09:26:24.000Z,55.592558,25.962855,32,4820
2019-11-23T09:26:31.000Z,55.592957,25.963173,32,4820
2019-11-23T09:26:46.000Z,55.59375,25.963813,32,4830
2019-11-23T09:26:51.000Z,55.594147,25.964132,32,4820
2019-11-23T09:27:04.000Z,55.59494,25.964768,32,4830
2019-11-23T09:27:16.000Z,55.59573,25.965407,32,4830
2019-11-23T09:27:40.000Z,55.597312,25.966678,32,4820
2019-11-23T09:27:54.000Z,55.59842800000001,25.967587,32,4830
2019-11-23T09:28:05.000Z,55.598887,25.967963,32,4830
2019-11-23T09:28:07.000Z,55.599282,25.968283,32,4840
2019-11-23T09:28:11.000Z,55.599282,25.968283,32,4840
2019-11-23T09:28:23.000Z,55.600138,25.968975,32,4830
2019-11-23T09:28:46.000Z,55.60165,25.970203,32,4810
2019-11-23T09:28:52.000Z,55.602043,25.970525,32,4810
2019-11-23T09:29:11.000Z,55.60329,25.971552,32,4800
2019-11-23T09:29:36.000Z,55.6048,25.972798,32,4800
2019-11-23T09:29:51.000Z,55.605985,25.973768,32,4780
2019-11-23T09:30:04.000Z,55.606765,25.974423,32,4750
2019-11-23T09:30:12.000Z,55.607162,25.974745,32,4820
2019-11-23T09:30:34.000Z,55.608303,25.975637,32,5070
2019-11-23T09:31:04.000Z,55.61091999999999,25.977435,32,5460
2019-11-23T09:31:19.000Z,55.612297,25.978315,32,5520
2019-11-23T09:31:24.000Z,55.612658,25.978547,32,5510
2019-11-23T09:31:36.000Z,55.613522,25.979102,32,5440
2019-11-23T09:31:45.000Z,55.61395200000001,25.979383,32,5400
2019-11-23T09:31:56.000Z,55.6148,25.979955,32,5310
2019-11-23T09:32:09.000Z,55.615645,25.980537,32,5250
2019-11-23T09:32:17.000Z,55.616065,25.98083,32,5240
2019-11-23T09:32:19.000Z,55.616485,25.981122,32,5220
2019-11-23T09:32:22.000Z,55.616485,25.981122,32,5220
2019-11-23T09:32:33.000Z,55.617257,25.981657,32,5210
2019-11-23T09:32:46.000Z,55.61816500000001,25.98229,32,5220
2019-11-23T09:33:04.000Z,55.619352,25.983122,32,5260
2019-11-23T09:33:11.000Z,55.619772,25.983417000000006,32,5260
2019-11-23T09:33:28.000Z,55.621168,25.984402,32,5280
2019-11-23T09:33:39.000Z,55.62194,25.984942,32,5280
2019-11-23T09:33:52.000Z,55.622788,25.985528,32,5290
2019-11-23T09:34:16.000Z,55.624492,25.98669,32,5300
2019-11-23T09:34:22.000Z,55.624915,25.98698,32,5300
2019-11-23T09:34:43.000Z,55.626608,25.988133,32,5290
2019-11-23T09:34:52.000Z,55.62703199999999,25.988423,32,5290
2019-11-23T09:35:05.000Z,55.62788000000001,25.989002,32,5290
2019-11-23T09:35:10.000Z,55.62830500000001,25.98929,32,5280
2019-11-23T09:35:40.000Z,55.63039200000001,25.990747,32,5290
2019-11-23T09:36:01.000Z,55.63215200000001,25.991948,32,5320
2019-11-23T09:36:10.000Z,55.63257700000001,25.992237,32,5340
2019-11-23T09:36:40.000Z,55.634638,25.993627,32,5360
2019-11-23T09:36:51.000Z,55.635503,25.99419,32,5340
2019-11-23T09:37:04.000Z,55.63636,25.99476,32,5330
2019-11-23T09:37:19.000Z,55.637213,25.995335,32,5310
2019-11-23T09:37:43.000Z,55.639342000000006,25.996772,32,5310
2019-11-23T09:37:51.000Z,55.639767000000006,25.99706,32,5310
2019-11-23T09:38:01.000Z,55.64063,25.997642000000006,32,5320
2019-11-23T09:38:22.000Z,55.641988,25.998557,32,5330
2019-11-23T09:38:35.000Z,55.642843000000006,25.999133,32,5320
2019-11-23T09:38:40.000Z,55.64327,25.999422,32,5310
2019-11-23T09:38:54.000Z,55.644482,26.00024,32,5320
2019-11-23T09:39:01.000Z,55.64498199999999,26.000577,32,5330
2019-11-23T09:39:16.000Z,55.645768,26.001105,32,5330
2019-11-23T09:39:37.000Z,55.647487,26.002258,32,5350
2019-11-23T09:39:44.000Z,55.647845,26.002497,32,5350
2019-11-23T09:40:00.000Z,55.649137,26.003357,32,5350
2019-11-23T09:40:15.000Z,55.65006999999999,26.003982,32,5350
2019-11-23T09:40:29.000Z,55.650863,26.00451,32,5350
2019-11-23T09:40:35.000Z,55.65136700000001,26.004845,32,5350
2019-11-23T09:40:54.000Z,55.65309499999999,26.005993,32,5370
2019-11-23T09:41:00.000Z,55.653528,26.00628,32,5380
2019-11-23T09:41:10.000Z,55.654035,26.006612,32,5380
2019-11-23T09:41:27.000Z,55.65526,26.007417,32,5390
2019-11-23T09:41:42.000Z,55.65656,26.008263,32,5400
2019-11-23T09:41:54.000Z,55.657428,26.008828,32,5410
2019-11-23T09:42:07.000Z,55.658295,26.009395,32,5400
2019-11-23T09:42:19.000Z,55.659162,26.009965,32,5380
2019-11-23T09:42:26.000Z,55.659522,26.010203,32,5380
2019-11-23T09:42:33.000Z,55.660025,26.010537,32,5360
2019-11-23T09:42:42.000Z,55.660817,26.011065,32,5370
2019-11-23T09:42:54.000Z,55.66168,26.011638,32,5380
2019-11-23T09:43:00.000Z,55.662112,26.011923,32,5380
2019-11-23T09:43:24.000Z,55.663912,26.013107,32,5410
2019-11-23T09:43:31.000Z,55.66441700000001,26.013437,32,5420
2019-11-23T09:43:45.000Z,55.665212,26.013957,32,5420
2019-11-23T09:44:00.000Z,55.66651,26.014807,32,5410
2019-11-23T09:44:15.000Z,55.667387,26.01539,32,5400
2019-11-23T09:44:21.000Z,55.66781999999999,26.015677,32,5410
2019-11-23T09:44:31.000Z,55.668687,26.01625,32,5410
2019-11-23T09:44:40.000Z,55.66911800000001,26.016533,32,5410
2019-11-23T09:44:58.000Z,55.67041500000001,26.017383,32,5410
2019-11-23T09:45:16.000Z,55.671712,26.01823,32,5410
2019-11-23T09:45:27.000Z,55.67258,26.018795,32,5410
2019-11-23T09:45:31.000Z,55.673012,26.019077,32,5410
2019-11-23T09:45:40.000Z,55.673447,26.019358,32,5410
2019-11-23T09:46:00.000Z,55.674818,26.020253,32,5410
2019-11-23T09:46:10.000Z,55.675613,26.020773,32,5410
2019-11-23T09:46:21.000Z,55.676478,26.021342,32,5400
2019-11-23T09:46:35.000Z,55.677415,26.02196,32,5390
2019-11-23T09:46:42.000Z,55.677847,26.022245,32,5400
2019-11-23T09:46:52.000Z,55.67864,26.022767,32,5390
2019-11-23T09:47:09.000Z,55.679937,26.023622,32,5390
2019-11-23T09:47:15.000Z,55.68037,26.023907,32,5390
2019-11-23T09:47:24.000Z,55.681233,26.024475,32,5390
2019-11-23T09:47:28.000Z,55.681233,26.024475,32,5390
2019-11-23T09:47:43.000Z,55.68253299999999,26.025325,32,5440
2019-11-23T09:47:59.000Z,55.683402,26.02589,32,5410
2019-11-23T09:48:04.000Z,55.683762,26.026128,32,5390
2019-11-23T09:48:11.000Z,55.684263,26.026462,32,5350
2019-11-23T09:48:22.000Z,55.68518,26.02708,32,5270
2019-11-23T09:48:40.000Z,55.686438,26.02796,32,5190
2019-11-23T09:48:52.000Z,55.687275,26.028558,32,5170
2019-11-23T09:49:07.000Z,55.688535,26.029458,32,5180
2019-11-23T09:49:16.000Z,55.688883,26.029707,32,5180
2019-11-23T09:49:24.000Z,55.689725,26.0303,32,5210
2019-11-23T09:49:34.000Z,55.690148,26.0306,32,5210
2019-11-23T09:50:06.000Z,55.69219,26.032037,32,5220
2019-11-23T09:50:22.000Z,55.693527,26.032978,32,5220
2019-11-23T09:50:47.000Z,55.69521700000001,26.03416,32,5220
2019-11-23T09:50:59.000Z,55.69613199999999,26.0348,32,5220
2019-11-23T09:51:09.000Z,55.696977,26.035388,32,5230
2019-11-23T09:51:14.000Z,55.69732800000001,26.035632,32,5220
2019-11-23T09:51:24.000Z,55.698173,26.036218,32,5240
2019-11-23T09:51:31.000Z,55.69866700000001,26.03656,32,5230
2019-11-23T09:51:43.000Z,55.699443,26.037102,32,5230
2019-11-23T09:51:54.000Z,55.70021800000001,26.037645,32,5210
2019-11-23T09:52:00.000Z,55.700715,26.038,32,5200
2019-11-23T09:52:13.000Z,55.701563,26.038605,32,5210
2019-11-23T09:52:23.000Z,55.701987,26.038905,32,5220
2019-11-23T09:52:35.000Z,55.702835,26.039505,32,5220
2019-11-23T09:52:51.000Z,55.70411,26.0404,32,5240
2019-11-23T09:53:00.000Z,55.70489,26.040942,32,5250
2019-11-23T09:53:15.000Z,55.705813,26.041583,32,5250
2019-11-23T09:53:27.000Z,55.706667,26.042175,32,5260
2019-11-23T09:53:46.000Z,55.70802,26.043115,32,5250
2019-11-23T09:54:04.000Z,55.709228,26.043952,32,5250
2019-11-23T09:54:24.000Z,55.71093000000001,26.045138,32,5230
2019-11-23T09:54:35.000Z,55.71135500000001,26.045437,32,5230
2019-11-23T09:54:51.000Z,55.712633,26.04633,32,5250
2019-11-23T09:55:00.000Z,55.71341700000001,26.046873,32,5250
2019-11-23T09:55:16.000Z,55.71434,26.047515,32,5230
2019-11-23T09:55:27.000Z,55.71512,26.048058,32,5220
2019-11-23T09:55:40.000Z,55.716043000000006,26.0487,32,5230
2019-11-23T09:55:43.000Z,55.71647,26.048997,32,5230
2019-11-23T09:55:52.000Z,55.716897,26.049292,32,5240
2019-11-23T09:56:09.000Z,55.718178,26.050178,32,5260
2019-11-23T09:56:17.000Z,55.71860699999999,26.050473,32,5260
2019-11-23T09:56:24.000Z,55.719107,26.050818,32,5260
2019-11-23T09:56:48.000Z,55.721177,26.052245000000006,32,5250
2019-11-23T09:56:54.000Z,55.721532,26.05249,32,5260
2019-11-23T09:57:00.000Z,55.72203199999999,26.052835,32,5260
2019-11-23T09:57:24.000Z,55.72331,26.053727,32,5220
2019-11-23T09:57:40.000Z,55.724582,26.054625,32,5180
2019-11-23T09:57:43.000Z,55.725003,26.054927,32,5180
2019-11-23T09:57:54.000Z,55.72578000000001,26.055478,32,5190
2019-11-23T09:58:00.000Z,55.72620300000001,26.055777,32,5210
2019-11-23T09:58:22.000Z,55.72748000000001,26.056673,32,5240
2019-11-23T09:58:46.000Z,55.729337,26.057963,32,5260
2019-11-23T09:58:52.000Z,55.729767,26.05826,32,5270
2019-11-23T09:59:03.000Z,55.730555,26.058803,32,5270
2019-11-23T09:59:09.000Z,55.730987,26.059097,32,5280
2019-11-23T09:59:15.000Z,55.73141700000001,26.059393,32,5270
2019-11-23T09:59:30.000Z,55.732703,26.060278,32,5250
2019-11-23T09:59:45.000Z,55.73356,26.06087,32,5260
2019-11-23T09:59:51.000Z,55.733988,26.061165,32,5250
2019-11-23T10:00:00.000Z,55.734773,26.061708,32,5250
2019-11-23T10:00:10.000Z,55.735273,26.062053,32,5260
2019-11-23T10:00:22.000Z,55.73605799999999,26.062593,32,5260
2019-11-23T10:00:33.000Z,55.736915,26.063183,32,5250
2019-11-23T10:00:41.000Z,55.73741500000001,26.063528,32,5240
2019-11-23T10:00:51.000Z,55.738272,26.064118,32,5250
2019-11-23T10:01:10.000Z,55.73962,26.065062,32,5260
2019-11-23T10:01:23.000Z,55.740047,26.065358,32,5260
2019-11-23T10:02:03.000Z,55.743408,26.067682,32,5240
2019-11-23T10:02:07.000Z,55.74390699999999,26.06803,32,5220
2019-11-23T10:02:24.000Z,55.744688,26.068578,32,5220
2019-11-23T10:02:35.000Z,55.745045,26.068827,32,5220
2019-11-23T10:03:16.000Z,55.748537,26.071265,32,5250
2019-11-23T10:03:28.000Z,55.749323,26.071812,32,5260
2019-11-23T10:03:45.000Z,55.750683,26.072753,32,5260
2019-11-23T10:04:04.000Z,55.751973,26.073647,32,5270
2019-11-23T10:04:17.000Z,55.752832,26.07424,32,5270
2019-11-23T10:04:22.000Z,55.75326,26.074537,32,5270
2019-11-23T10:04:45.000Z,55.75490300000001,26.075668,32,5280
2019-11-23T10:05:10.000Z,55.75669,26.076893,32,5280
2019-11-23T10:05:22.000Z,55.757475,26.07743,32,5280
2019-11-23T10:05:24.000Z,55.757977,26.077773,32,5280
2019-11-23T10:05:46.000Z,55.75919,26.078607,32,5280
2019-11-23T10:06:09.000Z,55.76098199999999,26.079842000000006,32,5280
2019-11-23T10:06:23.000Z,55.761845,26.080438,32,5290
2019-11-23T10:06:45.000Z,55.763565,26.081628,32,5280
2019-11-23T10:06:56.000Z,55.764422,26.08222,32,5270
2019-11-23T10:07:03.000Z,55.76485,26.082515,32,5280
2019-11-23T10:07:23.000Z,55.766063,26.083348,32,5280
2019-11-23T10:07:45.000Z,55.767775,26.084525,32,5260
2019-11-23T10:08:09.000Z,55.769487,26.085705,32,5260
2019-11-23T10:08:17.000Z,55.769987,26.08605,32,5260
2019-11-23T10:08:24.000Z,55.770845,26.086643,32,5260
2019-11-23T10:08:42.000Z,55.77212,26.087547,32,5270
2019-11-23T10:08:54.000Z,55.772977,26.08814,32,5280
2019-11-23T10:09:00.000Z,55.773405,26.088433,32,5280
2019-11-23T10:09:12.000Z,55.774263,26.089022,32,5270
2019-11-23T10:09:21.000Z,55.774692,26.089317,32,5270
2019-11-23T10:09:42.000Z,55.776408,26.090498,32,5300
2019-11-23T10:09:55.000Z,55.777275,26.091075,32,5390
2019-11-23T10:10:04.000Z,55.777703,26.091365,32,5290
2019-11-23T10:10:17.000Z,55.778547,26.091962,32,5120
2019-11-23T10:10:21.000Z,55.778887,26.09222,32,5020
2019-11-23T10:10:34.000Z,55.779757,26.092903,32,4830
2019-11-23T10:10:46.000Z,55.780537,26.093552,32,4690
2019-11-23T10:11:04.000Z,55.781728,26.094607,32,4500
2019-11-23T10:11:16.000Z,55.782473,26.095288,32,4470
2019-11-23T10:11:28.000Z,55.78315799999999,26.095915,32,4480
2019-11-23T10:11:33.000Z,55.783535,26.096255,32,4520
2019-11-23T10:11:42.000Z,55.784298,26.096928,32,4590
2019-11-23T10:12:06.000Z,55.785788,26.098202,32,4720
2019-11-23T10:12:15.000Z,55.786247,26.098585,32,4730
2019-11-23T10:12:23.000Z,55.78664000000001,26.098913,32,4750
2019-11-23T10:12:34.000Z,55.78737,26.099508,32,4740
2019-11-23T10:12:55.000Z,55.789015,26.100878,32,4710
2019-11-23T10:13:04.000Z,55.789407,26.101208,32,4690
2019-11-23T10:13:28.000Z,55.790972,26.102535,32,4680
2019-11-23T10:13:30.000Z,55.791298,26.10281,32,4670
2019-11-23T10:13:46.000Z,55.791755,26.103198000000006,32,4660
2019-11-23T10:14:17.000Z,55.794088,26.105205,32,4620
2019-11-23T10:14:22.000Z,55.794475,26.105543,32,4620
2019-11-23T10:14:45.000Z,55.796032,26.106888,32,4650
2019-11-23T10:14:55.000Z,55.796815,26.107555,32,4670
2019-11-23T10:15:04.000Z,55.79720699999999,26.107888,32,4670
2019-11-23T10:15:27.000Z,55.79877800000001,26.109218,32,4680
2019-11-23T10:15:33.000Z,55.799105,26.109495000000006,32,4680
2019-11-23T10:15:57.000Z,55.80074000000001,26.110883,32,4670
2019-11-23T10:16:09.000Z,55.801522,26.11155,32,4670
2019-11-23T10:16:16.000Z,55.801912,26.111883,32,4670
2019-11-23T10:16:21.000Z,55.80230200000001,26.112217,32,4680
2019-11-23T10:16:34.000Z,55.803087,26.112878,32,4720
2019-11-23T10:16:55.000Z,55.80471,26.11427,32,4590
2019-11-23T10:17:00.000Z,55.805028,26.114552,32,4560
2019-11-23T10:17:10.000Z,55.805407,26.114893,32,4510
2019-11-23T10:17:30.000Z,55.80689,26.11629,32,4330
2019-11-23T10:17:42.000Z,55.80755500000001,26.116943,32,4260
2019-11-23T10:17:54.000Z,55.80834,26.117717000000006,32,4260
2019-11-23T10:18:00.000Z,55.808703,26.118075,32,4270
2019-11-23T10:18:15.000Z,55.80937,26.118727,32,4300
2019-11-23T10:18:23.000Z,55.809797,26.119142,32,4340
2019-11-23T10:18:30.000Z,55.81010300000001,26.119437,32,4340
2019-11-23T10:18:51.000Z,55.81165,26.120898,32,4400
2019-11-23T10:19:06.000Z,55.812775,26.121943,32,4410
2019-11-23T10:19:12.000Z,55.813148,26.122292,32,4420
2019-11-23T10:19:24.000Z,55.813898,26.12299,32,4410
2019-11-23T10:19:30.000Z,55.814272,26.123342,32,4400
2019-11-23T10:19:42.000Z,55.815015,26.124047,32,4380
2019-11-23T10:19:51.000Z,55.815388,26.124402,32,4370
2019-11-23T10:20:09.000Z,55.81644300000001,26.125403,32,4370
2019-11-23T10:20:30.000Z,55.817995,26.126882,32,4340
2019-11-23T10:20:42.000Z,55.818675,26.12753,32,4360
2019-11-23T10:20:54.000Z,55.81942,26.12824,32,4360
2019-11-23T10:21:00.000Z,55.819793,26.128595,32,4360
2019-11-23T10:21:13.000Z,55.82066500000001,26.129423000000006,32,4370
2019-11-23T10:21:27.000Z,55.82135,26.130077,32,4370
2019-11-23T10:21:45.000Z,55.822477,26.131142,32,4380
2019-11-23T10:22:00.000Z,55.82360300000001,26.132203,32,4380
2019-11-23T10:22:03.000Z,55.82360300000001,26.132203,32,4380
2019-11-23T10:22:13.000Z,55.82435,26.132913,32,4370
2019-11-23T10:22:27.000Z,55.825098,26.133622,32,4350
2019-11-23T10:22:41.000Z,55.825845,26.134333,32,4350
2019-11-23T10:23:03.000Z,55.827282,26.135703,32,4360
2019-11-23T10:23:21.000Z,55.828473,26.136833,32,4370
2019-11-23T10:23:31.000Z,55.829228,26.137545000000006,32,4370
2019-11-23T10:23:42.000Z,55.829983,26.13826,32,4370
2019-11-23T10:23:54.000Z,55.83036,26.138618,32,4370
2019-11-23T10:24:16.000Z,55.83186800000001,26.140052,33,4360
2019-11-23T10:24:27.000Z,55.832618,26.140772,33,4360
2019-11-23T10:24:37.000Z,55.833367,26.141492,33,4380
2019-11-23T10:24:49.000Z,55.83374300000001,26.141852,33,4370
2019-11-23T10:25:22.000Z,55.836018,26.143995,33,4380
2019-11-23T10:25:40.000Z,55.837157,26.145065,33,4380
2019-11-23T10:25:54.000Z,55.838228,26.146075,33,4380
2019-11-23T10:26:03.000Z,55.838605,26.146433,33,4370
2019-11-23T10:26:24.000Z,55.84016999999999,26.147925,33,4360
2019-11-23T10:26:31.000Z,55.84061,26.148345000000006,33,4360
2019-11-23T10:26:54.000Z,55.842058,26.149728,33,4350
2019-11-23T10:27:04.000Z,55.84244,26.150082,33,4360
2019-11-23T10:27:10.000Z,55.842885,26.150497,33,4360
2019-11-23T10:27:27.000Z,55.843967000000006,26.15152,33,4370
2019-11-23T10:27:34.000Z,55.844412,26.15194,33,4390
2019-11-23T10:27:48.000Z,55.845425,26.152897,33,4390
2019-11-23T10:27:54.000Z,55.84587,26.153313,33,4400
2019-11-23T10:28:09.000Z,55.84663199999999,26.154028,33,4400
2019-11-23T10:28:15.000Z,55.84695,26.154328,33,4390
2019-11-23T10:28:31.000Z,55.848163,26.155467,33,4400
2019-11-23T10:28:54.000Z,55.849687,26.156892000000006,33,4390
2019-11-23T10:29:00.000Z,55.850067,26.157247,33,4390
2019-11-23T10:29:24.000Z,55.851583,26.158675,33,4370
2019-11-23T10:29:31.000Z,55.852027,26.159095,33,4370
2019-11-23T10:29:54.000Z,55.853107,26.160112,33,4390
2019-11-23T10:30:01.000Z,55.853425,26.160412,33,4390
2019-11-23T10:30:27.000Z,55.855397,26.162268,33,4400
2019-11-23T10:30:33.000Z,55.855715,26.162568,33,4390
2019-11-23T10:30:40.000Z,55.85615799999999,26.16299,33,4390
2019-11-23T10:31:00.000Z,55.85724,26.164008,33,4400
2019-11-23T10:31:23.000Z,55.858895,26.165558,33,4410
2019-11-23T10:31:39.000Z,55.859977,26.166573,33,4400
2019-11-23T10:31:45.000Z,55.860358,26.166928,33,4400
2019-11-23T10:32:00.000Z,55.861498,26.168000000000006,33,4380
2019-11-23T10:32:10.000Z,55.861880000000006,26.168358,33,4390
2019-11-23T10:32:19.000Z,55.862638,26.169075,33,4380
2019-11-23T10:32:28.000Z,55.863018,26.169433,33,4390
2019-11-23T10:32:33.000Z,55.8634,26.169793,33,4380
2019-11-23T10:32:46.000Z,55.864162,26.170512,33,4390
2019-11-23T10:32:58.000Z,55.86486,26.171168,33,4390
2019-11-23T10:33:05.000Z,55.865302,26.17159,33,4390
2019-11-23T10:33:11.000Z,55.865683,26.17195,33,4400
2019-11-23T10:33:24.000Z,55.866445,26.172668,33,4400
2019-11-23T10:33:39.000Z,55.867528,26.173683,33,4410
2019-11-23T10:33:50.000Z,55.86835799999999,26.174458,33,4410
2019-11-23T10:34:04.000Z,55.869127,26.17517,33,4410
2019-11-23T10:34:10.000Z,55.869512,26.175528,33,4420
2019-11-23T10:34:29.000Z,55.870662,26.1766,33,4400
2019-11-23T10:34:34.000Z,55.871045,26.17696,33,4400
2019-11-23T10:34:51.000Z,55.872128,26.177978,33,4410
2019-11-23T10:35:04.000Z,55.87296,26.178753,33,4410
2019-11-23T10:35:32.000Z,55.874498,26.180187,33,4430
2019-11-23T10:35:46.000Z,55.875598,26.1812,33,4420
2019-11-23T10:35:56.000Z,55.876373,26.181915,33,4420
2019-11-23T10:36:11.000Z,55.877212,26.182695,33,4430
2019-11-23T10:36:40.000Z,55.879143000000006,26.184495,33,4430
2019-11-23T10:36:57.000Z,55.8803,26.185575,33,4420
2019-11-23T10:37:03.000Z,55.880687,26.185935,33,4420
2019-11-23T10:37:10.000Z,55.881073,26.186295,33,4420
2019-11-23T10:37:36.000Z,55.881845,26.187017,33,4420
2019-11-23T10:38:30.000Z,55.886082,26.190997,33,4430
2019-11-23T10:38:42.000Z,55.886402,26.191297,33,4430
2019-11-23T10:38:59.000Z,55.88717,26.192015,33,4440
2019-11-23T10:40:13.000Z,55.89304300000001,26.197435,33,4440
2019-11-23T10:40:21.000Z,55.89336700000001,26.197732,33,4450
2019-11-23T10:40:39.000Z,55.894597,26.198865,33,4430
2019-11-23T10:40:47.000Z,55.894985,26.199223,33,4430
2019-11-23T10:40:53.000Z,55.895375,26.199582,33,4440
2019-11-23T10:41:15.000Z,55.89693199999999,26.201017,33,4430
2019-11-23T10:41:20.000Z,55.897322,26.201375,33,4440
2019-11-23T10:41:41.000Z,55.898557,26.20251,33,4450
2019-11-23T10:41:53.000Z,55.899273,26.203167,33,4450
2019-11-23T10:42:03.000Z,55.900058,26.20388,33,4460
2019-11-23T10:42:20.000Z,55.901233,26.204952,33,4470
2019-11-23T10:42:44.000Z,55.90280300000001,26.206382,33,4480
2019-11-23T10:43:09.000Z,55.904378,26.207832,33,4440
2019-11-23T10:43:22.000Z,55.905092,26.208508,33,4360
2019-11-23T10:43:33.000Z,55.90586800000001,26.209248,33,4420
2019-11-23T10:43:42.000Z,55.906337,26.209667,33,4600
2019-11-23T10:43:54.000Z,55.907608,26.210673,33,5100
2019-11-23T10:44:10.000Z,55.90857800000001,26.211337,33,5400
2019-11-23T10:44:27.000Z,55.909888,26.212145,33,5680
2019-11-23T10:44:41.000Z,55.910833,26.212688,33,5790
2019-11-23T10:44:58.000Z,55.912263,26.213487,33,5800
2019-11-23T10:45:13.000Z,55.913662,26.214308,33,5620
2019-11-23T10:45:20.000Z,55.914042,26.214545,33,5560
2019-11-23T10:45:30.000Z,55.914948,26.215123,33,5450
2019-11-23T10:46:00.000Z,55.915472,26.215468,33,5390
2019-11-23T10:47:34.000Z,55.924053,26.221075,33,5480
2019-11-23T10:47:48.000Z,55.92496,26.22166,33,5470
2019-11-23T10:47:54.000Z,55.925413,26.221952,33,5460
2019-11-23T10:48:01.000Z,55.925792,26.222195000000006,33,5460
2019-11-23T10:48:19.000Z,55.927683,26.223417,33,5460
2019-11-23T10:48:27.000Z,55.928137,26.223712,33,5450
2019-11-23T10:48:33.000Z,55.928593000000006,26.224005,33,5460
2019-11-23T10:49:06.000Z,55.931323,26.225767,33,5450
2019-11-23T10:49:16.000Z,55.93185500000001,26.226108,33,5440
2019-11-23T10:49:27.000Z,55.93269,26.226645,33,5450
2019-11-23T10:49:34.000Z,55.93322,26.226988,33,5450
2019-11-23T10:49:46.000Z,55.934057,26.227527,33,5460
2019-11-23T10:49:56.000Z,55.934512,26.227822,33,5460
2019-11-23T10:50:04.000Z,55.93496800000001,26.228115000000006,33,5470
2019-11-23T10:50:46.000Z,55.938557,26.230405,33,5480
2019-11-23T10:50:57.000Z,55.939553,26.231042,33,5470
2019-11-23T10:51:05.000Z,55.939938,26.231287,33,5470
2019-11-23T10:51:11.000Z,55.9404,26.231582,33,5470
2019-11-23T10:51:29.000Z,55.941937,26.232568,33,5470
2019-11-23T10:51:46.000Z,55.94324,26.233412,33,5460
2019-11-23T10:51:57.000Z,55.944233,26.234055,33,5460
2019-11-23T10:52:04.000Z,55.944615,26.234303000000004,33,5460
2019-11-23T10:52:12.000Z,55.945073,26.234598,33,5480
2019-11-23T10:52:23.000Z,55.945992,26.235188,33,5470
2019-11-23T10:52:39.000Z,55.947372,26.236075,33,5480
2019-11-23T10:52:45.000Z,55.947832,26.23637,33,5480
2019-11-23T10:52:57.000Z,55.948752,26.23696,33,5480
2019-11-23T10:53:05.000Z,55.949135,26.237205,33,5480
2019-11-23T10:53:30.000Z,55.951437,26.238672,33,5500
2019-11-23T10:53:45.000Z,55.952433,26.239305,33,5490
2019-11-23T10:53:51.000Z,55.952895,26.239597,33,5500
2019-11-23T10:54:11.000Z,55.954275,26.240475,33,5490
2019-11-23T10:54:22.000Z,55.955192,26.241063,33,5470
2019-11-23T10:54:33.000Z,55.95611,26.241648,33,5480
2019-11-23T10:54:51.000Z,55.957562,26.242573,33,5480
2019-11-23T10:55:05.000Z,55.958402,26.24311,33,5480
2019-11-23T10:55:15.000Z,55.95924300000001,26.243648,33,5480
2019-11-23T10:55:28.000Z,55.960242,26.244283000000006,33,5490
2019-11-23T10:55:39.000Z,55.96109000000001,26.244825,33,5490
2019-11-23T10:55:46.000Z,55.96163000000001,26.24517,33,5490
2019-11-23T10:55:51.000Z,55.962093,26.245465000000006,33,5490
2019-11-23T10:56:20.000Z,55.963405,26.246312,33,5480
2019-11-23T10:57:14.000Z,55.968127,26.249318,33,5500
2019-11-23T10:57:49.000Z,55.971387,26.25138,33,5480
2019-11-23T10:58:00.000Z,55.972238,26.251922,33,5480
2019-11-23T10:58:12.000Z,55.97278000000001,26.252268,33,5490
2019-11-23T10:58:23.000Z,55.973245,26.252565,33,5490
2019-11-23T10:59:04.000Z,55.976967,26.25493,34,5510
2019-11-23T10:59:10.000Z,55.977433,26.255223,34,5510
2019-11-23T10:59:38.000Z,55.979767,26.256688,34,5520
2019-11-23T10:59:45.000Z,55.980232,26.25698,34,5520
2019-11-23T10:59:51.000Z,55.980773,26.257323,34,5510
2019-11-23T11:00:04.000Z,55.981627,26.257862,34,5500
2019-11-23T11:00:11.000Z,55.982092,26.258157,34,5490
2019-11-23T11:00:32.000Z,55.983878,26.259297,34,5480
2019-11-23T11:00:49.000Z,55.98536,26.260240000000003,34,5490
2019-11-23T11:00:57.000Z,55.98582800000001,26.260538,34,5490
2019-11-23T11:01:05.000Z,55.98621800000001,26.260787,34,5490
2019-11-23T11:01:16.000Z,55.98723199999999,26.26143,34,5500
2019-11-23T11:01:39.000Z,55.989105,26.262617,34,5490
2019-11-23T11:01:51.000Z,55.99012,26.263262,34,5500
2019-11-23T11:02:03.000Z,55.99098000000001,26.263805,34,5500
2019-11-23T11:02:10.000Z,55.991448,26.264105,34,5490
2019-11-23T11:02:35.000Z,55.991995,26.264455,34,5490
2019-11-23T11:02:36.000Z,55.993795,26.265598,34,5500
2019-11-23T11:04:30.000Z,56.001897,26.270712,34,5530
2019-11-23T11:05:23.000Z,56.006553,26.273633,34,5490
2019-11-23T11:05:37.000Z,56.0075,26.274235,34,5490
2019-11-23T11:05:43.000Z,56.007973,26.274535,34,5490
2019-11-23T11:05:49.000Z,56.00892,26.275137,34,5500
2019-11-23T11:06:04.000Z,56.009868,26.275737,34,5490
2019-11-23T11:06:17.000Z,56.010737,26.276290000000003,34,5490
2019-11-23T11:06:24.000Z,56.011287,26.276642,34,5480
2019-11-23T11:06:40.000Z,56.01231,26.277293,34,5490
2019-11-23T11:07:16.000Z,56.01554300000001,26.279337,34,5530
2019-11-23T11:07:24.000Z,56.016018,26.279633,34,5540
2019-11-23T11:07:40.000Z,56.017442,26.280523,34,5540
2019-11-23T11:07:56.000Z,56.018788,26.281362,34,5540
2019-11-23T11:08:09.000Z,56.01981800000001,26.282005,34,5540
2019-11-23T11:08:17.000Z,56.02029200000001,26.282303,34,5540
2019-11-23T11:08:37.000Z,56.021717,26.283198,34,5530
2019-11-23T11:09:04.000Z,56.024178000000006,26.28475,34,5500
2019-11-23T11:09:16.000Z,56.025052,26.285305,34,5500
2019-11-23T11:09:28.000Z,56.026087,26.28596,34,5500
2019-11-23T11:09:51.000Z,56.02800300000001,26.28717,35,5500
2019-11-23T11:10:09.000Z,56.029362,26.288028000000004,35,5500
2019-11-23T11:10:15.000Z,56.02984,26.288332,35,5500
2019-11-23T11:10:36.000Z,56.031277,26.289242,35,5490
2019-11-23T11:10:56.000Z,56.033115,26.290402,35,5510
2019-11-23T11:11:22.000Z,56.035037,26.29161,35,5520
2019-11-23T11:11:41.000Z,56.03615500000001,26.292315,35,5520
2019-11-23T11:11:56.000Z,56.037988,26.293482,35,5500
2019-11-23T11:12:28.000Z,56.040380000000006,26.295018,35,5500
2019-11-23T11:12:37.000Z,56.04086,26.295325,35,5500
2019-11-23T11:12:44.000Z,56.041422,26.295682,35,5500
2019-11-23T11:13:04.000Z,56.04326700000001,26.296852,35,5510
2019-11-23T11:13:16.000Z,56.044148,26.297408,35,5510
2019-11-23T11:13:22.000Z,56.044628,26.297715000000004,35,5510
2019-11-23T11:13:36.000Z,56.045667,26.298377,35,5500
2019-11-23T11:13:42.000Z,56.04614300000001,26.298683,35,5500
2019-11-23T11:14:09.000Z,56.048538,26.30021,35,5500
2019-11-23T11:14:34.000Z,56.050062,26.301172,35,5500
2019-11-23T11:15:16.000Z,56.053755,26.303498,35,5480
2019-11-23T11:15:35.000Z,56.05528,26.304458,35,5480
2019-11-23T11:15:46.000Z,56.056243,26.305068,35,5480
2019-11-23T11:15:52.000Z,56.056723,26.305373,35,5480
2019-11-23T11:16:06.000Z,56.057685,26.305982,35,5500
2019-11-23T11:16:29.000Z,56.05960699999999,26.3072,35,5490
2019-11-23T11:16:46.000Z,56.061053,26.308117,35,5480
2019-11-23T11:17:01.000Z,56.062008,26.308727,35,5470
2019-11-23T11:17:27.000Z,56.064395,26.310253000000003,35,5460
2019-11-23T11:17:40.000Z,56.06535699999999,26.310868,35,5470
2019-11-23T11:17:53.000Z,56.06632,26.311483000000006,35,5480
2019-11-23T11:18:21.000Z,56.06874499999999,26.313012,35,5480
2019-11-23T11:18:38.000Z,56.06971,26.313628,35,5470
2019-11-23T11:18:48.000Z,56.07059200000001,26.314190000000004,35,5460
2019-11-23T11:19:16.000Z,56.073168,26.315848,35,5460
2019-11-23T11:19:36.000Z,56.07414300000001,26.316475,35,5450
2019-11-23T11:21:09.000Z,56.082195,26.321743,35,5360
2019-11-23T11:21:15.000Z,56.08266999999999,26.322058,35,5350
2019-11-23T11:21:21.000Z,56.08306700000001,26.322322,35,5350
2019-11-23T11:21:36.000Z,56.08401800000001,26.322955,35,5350
2019-11-23T11:22:16.000Z,56.08743000000001,26.325222,35,5360
2019-11-23T11:22:52.000Z,56.090223,26.327055,35,5390
2019-11-23T11:23:04.000Z,56.09125,26.327733,35,5390
2019-11-23T11:23:28.000Z,56.093068,26.328938,35,5380
2019-11-23T11:23:46.000Z,56.094488,26.329883,35,5380
2019-11-23T11:23:57.000Z,56.09543299999999,26.330512,35,5390
2019-11-23T11:24:04.000Z,56.09598199999999,26.330877,35,5390
2019-11-23T11:24:22.000Z,56.097395,26.33181,35,5410
2019-11-23T11:24:33.000Z,56.098338,26.332432,35,5410
2019-11-23T11:27:57.000Z,56.114125,26.343067,35,5370
2019-11-23T11:28:15.000Z,56.115515,26.343995,35,5380
2019-11-23T11:29:16.000Z,56.120203,26.347135,34,5360
2019-11-23T11:29:46.000Z,56.122048,26.348375,34,5320
2019-11-23T11:30:36.000Z,56.126533,26.351440000000004,34,5210
2019-11-23T11:31:02.000Z,56.12826,26.352667,34,5190
2019-11-23T11:31:13.000Z,56.12871,26.352983,34,5200
2019-11-23T11:31:46.000Z,56.131508,26.354903000000004,34,5330
2019-11-23T11:32:05.000Z,56.132882,26.355822,34,5380
2019-11-23T11:32:11.000Z,56.133342000000006,26.356125,34,5390
2019-11-23T11:32:42.000Z,56.134262,26.356732,34,5400
2019-11-23T11:33:40.000Z,56.140143,26.360702000000003,34,5290
2019-11-23T11:34:23.000Z,56.143283,26.362853,34,5300
2019-11-23T11:36:17.000Z,56.151877,26.368693,34,5300
2019-11-23T11:38:09.000Z,56.160442,26.374485,34,5310
2019-11-23T11:39:46.000Z,56.16783,26.379490000000004,34,5360
2019-11-23T11:55:27.000Z,56.23891999999999,26.427698,33,5360
2019-11-23T11:55:33.000Z,56.23937,26.427997,33,5370
2019-11-23T11:56:10.000Z,56.242062,26.42978,33,5360
2019-11-23T11:56:27.000Z,56.243327,26.430627,33,5340
2019-11-23T11:56:33.000Z,56.24384499999999,26.430975,33,5330
2019-11-23T11:56:52.000Z,56.245178,26.431877000000004,33,5310
2019-11-23T11:57:09.000Z,56.246513,26.432778000000006,33,5320
2019-11-23T11:57:16.000Z,56.247032,26.43313,33,5320
2019-11-23T11:57:21.000Z,56.24740300000001,26.433378,33,5320
2019-11-23T11:57:39.000Z,56.248815,26.43433,33,5330
2019-11-23T11:57:47.000Z,56.249185,26.43458,33,5330
2019-11-23T11:57:59.000Z,56.25007700000001,26.435182,33,5320
2019-11-23T11:58:16.000Z,56.251417,26.436082,33,5330
2019-11-23T11:58:28.000Z,56.252238,26.436633,33,5340
2019-11-23T11:58:34.000Z,56.25276,26.436983,33,5350
2019-11-23T11:58:56.000Z,56.25411,26.43788,33,5370
2019-11-23T12:00:03.000Z,56.25953000000001,26.441458,33,5370
2019-11-23T12:00:59.000Z,56.26360500000001,26.444190000000006,33,5360
2019-11-23T12:01:15.000Z,56.264963,26.445092,33,5380
2019-11-23T12:01:34.000Z,56.266323,26.445987,33,5390
2019-11-23T12:01:44.000Z,56.26716,26.446537,33,5390
2019-11-23T12:01:59.000Z,56.267692,26.446887,33,5390
2019-11-23T12:02:10.000Z,56.26860300000001,26.447487,33,5400
2019-11-23T12:03:10.000Z,56.273617,26.450785,33,5410
2019-11-23T12:03:15.000Z,56.274073,26.451085,33,5400
2019-11-23T16:40:48.000Z,56.764962,25.637953,27,17050
2019-11-23T16:46:19.000Z,56.76496,25.63795,27,17000
2019-11-23T17:00:11.000Z,56.792213,25.560293,28,15980
2019-11-23T17:16:13.000Z,56.808658,25.493532,28,17110
2019-11-23T17:26:50.000Z,56.818223,25.448048,28,16860
2019-11-23T17:28:31.000Z,56.819573,25.442133,28,16820
2019-11-23T17:31:25.000Z,56.82242700000001,25.429893,28,16690
2019-11-23T17:34:00.000Z,56.825102,25.4181,28,16840
2019-11-23T17:36:37.000Z,56.82746700000001,25.407413,28,16920
2019-11-23T17:52:11.000Z,56.840107,25.340533,28,17090
2019-11-23T17:55:07.000Z,56.842128,25.32808,28,17370
2019-11-23T18:00:55.000Z,56.84554,25.303933,28,17310
2019-11-23T18:02:12.000Z,56.84623000000001,25.298535,28,17340
2019-11-23T18:02:24.000Z,56.846338,25.297692,28,17340
2019-11-23T18:02:30.000Z,56.84640200000001,25.2972,28,17340
2019-11-23T18:02:49.000Z,56.846575,25.29587,28,17330
2019-11-23T18:03:00.000Z,56.846677,25.295098,28,17320
2019-11-23T18:04:24.000Z,56.847413,25.288887,27,17280
2019-11-23T18:04:30.000Z,56.847475,25.288462,27,17320
2019-11-23T18:05:24.000Z,56.84810699999999,25.28464,27,17360
2019-11-23T18:07:42.000Z,56.849435,25.274963,27,17300
2019-11-23T18:07:55.000Z,56.84959300000001,25.27403,27,17230
2019-11-23T18:08:00.000Z,56.84965699999999,25.27359,27,17280
2019-11-23T18:08:13.000Z,56.849762,25.272743,27,17350
2019-11-23T18:08:24.000Z,56.84983,25.2719,27,17450
2019-11-23T18:08:37.000Z,56.849882,25.271053,27,17540
2019-11-23T18:08:42.000Z,56.849912,25.270632,27,17580
2019-11-23T18:10:06.000Z,56.85028000000001,25.264742,27,17610
2019-11-23T18:11:07.000Z,56.85061500000001,25.260838,28,17580
2019-11-23T18:11:13.000Z,56.850647,25.260477,28,17590
2019-11-23T18:11:25.000Z,56.850708,25.259688,28,17600
2019-11-23T18:11:31.000Z,56.85074,25.259278,28,17610
2019-11-23T18:11:43.000Z,56.850802,25.258445,28,17620
2019-11-23T18:11:55.000Z,56.850863,25.257602,28,17640
2019-11-23T18:12:01.000Z,56.850893000000006,25.257253,28,17630
2019-11-23T18:12:36.000Z,56.85109,25.254653,28,17630
2019-11-23T18:12:43.000Z,56.85112700000001,25.254163,28,17620
2019-11-23T18:12:55.000Z,56.851183,25.253392,28,17620
2019-11-23T18:13:06.000Z,56.851248,25.252548,28,17610
2019-11-23T18:13:19.000Z,56.851318000000006,25.251635,28,17610
2019-11-23T18:13:25.000Z,56.851348,25.251212,28,17620
2019-11-23T18:13:31.000Z,56.851375,25.25086,28,17620
2019-11-23T18:13:48.000Z,56.85146,25.249657,28,17620
2019-11-23T18:14:00.000Z,56.851513,25.248815,28,17610
2019-11-23T18:14:12.000Z,56.851575,25.247972,28,17620
2019-11-23T18:14:44.000Z,56.85176,25.245623,27,17600
2019-11-23T18:15:00.000Z,56.851927,25.244557,27,17460
2019-11-23T18:16:19.000Z,56.85270799999999,25.238683,27,17290
2019-11-23T18:16:24.000Z,56.85276999999999,25.238262,27,17310
2019-11-23T18:16:31.000Z,56.852828,25.237845,27,17320
2019-11-23T18:16:36.000Z,56.852887,25.237422,27,17330
2019-11-23T18:18:54.000Z,56.854103,25.227793,27,17310
2019-11-23T18:22:12.000Z,56.854945,25.213917,27,17940
2019-11-23T18:22:54.000Z,56.855025,25.210892,27,17840
2019-11-23T18:23:00.000Z,56.855035,25.21047,27,17870
2019-11-23T18:23:12.000Z,56.85505799999999,25.209627,27,17860
2019-11-23T18:23:24.000Z,56.855078000000006,25.208783,27,17870
2019-11-23T18:24:30.000Z,56.85517,25.204142,27,17920
2019-11-23T18:24:42.000Z,56.85518199999999,25.203365,28,17930
2019-11-23T18:25:37.000Z,56.855245,25.199398,27,17900
2019-11-23T18:25:42.000Z,56.855252,25.199045,28,17890
2019-11-23T18:26:24.000Z,56.85531700000001,25.19654,28,17890
2019-11-23T18:27:19.000Z,56.855385,25.192715,28,17920
2019-11-23T18:27:25.000Z,56.855387,25.192347,28,17910
2019-11-23T18:27:48.000Z,56.855417,25.190617,28,17910
2019-11-23T18:28:07.000Z,56.855437,25.189285,28,17920
2019-11-23T18:28:37.000Z,56.855495,25.187138,28,17930
2019-11-23T18:28:48.000Z,56.85550799999999,25.186435,28,17940
2019-11-23T18:32:30.000Z,56.85619200000001,25.170922,27,17480
2019-11-23T18:34:26.000Z,56.856933,25.162053,27,17530
2019-11-23T18:44:57.000Z,56.860235,25.118522,28,17690
2019-11-23T18:48:01.000Z,56.861013,25.104853,28,17700
2019-11-23T18:49:07.000Z,56.86128000000001,25.100293,28,17690
2019-11-23T18:49:36.000Z,56.861362,25.099038,28,17700
2019-11-23T18:55:08.000Z,56.862623,25.075817,27,17500
2019-11-23T18:58:31.000Z,56.86382,25.061493,27,17300
2019-11-23T18:58:37.000Z,56.863868,25.06115,27,17260
2019-11-23T19:02:49.000Z,56.867762,25.044062,27,16280
2019-11-23T19:16:00.000Z,56.885733,24.990875,26,16620
2019-11-23T19:16:54.000Z,56.886438,24.987353,26,17200
2019-11-23T19:17:54.000Z,56.887052,24.983582,25,17030
2019-11-23T19:18:25.000Z,56.88750699999999,24.981323,24,16890
2019-11-23T19:19:19.000Z,56.88817,24.978282,22,16920
2019-11-23T19:19:37.000Z,56.88836800000001,24.977278,22,17000
2019-11-23T19:19:54.000Z,56.888532,24.976347,22,17070
2019-11-23T19:20:07.000Z,56.88865300000001,24.975632,22,17140
2019-11-23T19:20:25.000Z,56.888822,24.974592,21,17200
2019-11-23T19:21:06.000Z,56.889058,24.972757,21,17300
2019-11-23T19:21:16.000Z,56.889127,24.972238,20,17310
2019-11-23T19:21:25.000Z,56.889188,24.971772,20,17280
2019-11-23T19:21:30.000Z,56.889223,24.971512,20,17290
2019-11-23T19:21:36.000Z,56.889265,24.971203,20,17260
2019-11-23T19:22:26.000Z,56.889642,24.968723,20,17170
2019-11-23T19:22:36.000Z,56.889722,24.968183,19,17150
2019-11-23T19:22:46.000Z,56.88981800000001,24.967645,19,17110
2019-11-23T19:22:56.000Z,56.889883,24.967223,19,17090
2019-11-23T19:23:06.000Z,56.889975,24.966722,19,17010
2019-11-23T19:23:16.000Z,56.890065,24.966257,19,16960
2019-11-23T19:23:46.000Z,56.890345,24.964917,18,16830
2019-11-23T19:24:36.000Z,56.890878,24.962532,18,16840
2019-11-23T19:24:46.000Z,56.890995,24.962018,17,16850
2019-11-23T19:24:56.000Z,56.89106500000001,24.961707,17,16840
2019-11-23T19:25:16.000Z,56.89129000000001,24.960695,17,16830
2019-11-23T19:26:06.000Z,56.89180699999999,24.95846,17,16820
2019-11-23T19:26:16.000Z,56.891905,24.95804,17,16810
2019-11-23T19:26:36.000Z,56.892095,24.95722,17,16840
2019-11-23T19:28:46.000Z,56.893275,24.952145,16,16840
2019-11-23T19:29:16.000Z,56.89353199999999,24.950988,15,16850
2019-11-23T19:31:16.000Z,56.894553,24.946775,13,16720
2019-11-23T19:31:47.000Z,56.894788,24.94583,12,16720
2019-11-23T19:32:16.000Z,56.89500500000001,24.944947,12,16720
2019-11-23T19:32:36.000Z,56.895153,24.944355,12,16740
2019-11-23T19:42:16.000Z,56.898213,24.931677,6,16800
2019-11-23T19:42:58.000Z,56.89821,24.93168,6,16800
2019-11-23T22:43:39.000Z,57.61754499999999,24.636323,28,11210
2019-11-23T23:02:00.000Z,57.694853,24.60656,28,11240
2019-11-23T23:02:44.000Z,57.69832,24.605253,28,11230
2019-11-23T23:07:02.000Z,57.71650699999999,24.598453,28,11270
2019-11-23T23:09:01.000Z,57.725547,24.59512,28,11170
2019-11-23T23:11:54.000Z,57.73784000000001,24.59056,28,11170
2019-11-23T23:22:03.000Z,57.781333,24.574747,28,11440
2019-11-23T23:22:38.000Z,57.78384000000001,24.57368,28,11560
2019-11-24T03:25:32.000Z,58.68568000000001,23.978053,28,13980
2019-11-24T03:53:14.000Z,58.769528,23.887648,28,13950
2019-11-24T03:58:31.000Z,58.78464,23.8712,28,13990
2019-11-24T05:18:15.000Z,59.022997,23.602702,28,14050
2019-11-24T05:19:27.000Z,59.026548,23.598727,28,14070
2019-11-24T05:21:50.000Z,59.03376,23.590702,28,14050
2019-11-24T05:22:50.000Z,59.036768,23.587362,28,14070
2019-11-24T05:29:12.000Z,59.05509300000001,23.566587,28,14100
2019-11-24T05:38:19.000Z,59.082,23.536213,28,14050
2019-11-24T05:40:23.000Z,59.087947,23.529573000000006,28,14030
2019-11-24T05:41:41.000Z,59.09184000000001,23.52528,28,14010
2019-11-24T05:46:49.000Z,59.10728,23.50808,28,14200
2019-11-24T06:01:27.000Z,59.146347,23.457093,28,14560
2019-11-24T06:01:38.000Z,59.146827,23.456427,28,14550
2019-11-24T06:04:20.000Z,59.154,23.447013,28,14480
2019-11-24T06:04:33.000Z,59.154533,23.44632,28,14500
2019-11-24T06:10:18.000Z,59.169813,23.426053,28,14540
2019-11-24T06:20:36.000Z,59.197253,23.390347,28,14070
2019-11-24T06:27:24.000Z,59.217733,23.367173,28,14070
2019-11-24T06:27:56.000Z,59.218267,23.36656,28,14070
2019-11-24T06:28:02.000Z,59.218613,23.366187,28,14070
2019-11-24T06:30:23.000Z,59.226013,23.357948,28,13900
2019-11-24T06:38:21.000Z,59.2512,23.3324,28,13770
2019-11-24T06:39:03.000Z,59.253387,23.330107,28,13940
2019-11-24T09:19:59.000Z,59.740187,22.798133,28,14000
2019-11-24T09:39:18.000Z,59.80005300000001,22.73368,29,13850
2019-11-24T09:44:23.000Z,59.81669300000001,22.716347,29,13790
2019-11-24T10:50:12.000Z,59.98808,22.48656,27,17480
2019-11-24T10:52:53.000Z,59.98904,22.475147,28,17560
2019-11-24T10:53:17.000Z,59.989173,22.473387,28,17480
2019-11-24T10:54:54.000Z,59.989227,22.46664,28,18140
2019-11-24T11:00:54.000Z,59.98808,22.440933,27,18240
2019-11-24T11:01:43.000Z,59.98789300000001,22.437573,27,18270
2019-11-24T11:02:43.000Z,59.987733,22.43352,27,18100
2019-11-24T11:13:41.000Z,59.9876,22.388747,27,18050
2019-11-24T11:21:51.000Z,59.987307,22.356373,26,18000
2019-11-24T11:22:15.000Z,59.98728000000001,22.354693,26,17990
2019-11-24T11:23:16.000Z,59.987227,22.350773,26,18060
2019-11-24T12:48:08.000Z,59.91614000000001,22.002658,28,20030
2019-11-24T14:00:09.000Z,59.800285,21.715282,28,19970
2019-11-24T16:10:53.000Z,59.59804000000001,21.186503,29,20130
2019-11-24T16:49:49.000Z,59.53570500000001,21.028075,28,19920
2019-11-24T16:53:08.000Z,59.530522,21.014212,28,19970
2019-11-24T16:55:28.000Z,59.5268,21.00439,28,19940
2019-11-24T16:55:50.000Z,59.526507,21.003573,28,19910
2019-11-24T16:56:08.000Z,59.52605300000001,21.002347,28,19990
2019-11-24T16:56:14.000Z,59.525893,21.001947,28,19980
2019-11-24T16:56:51.000Z,59.52496,20.999493,28,19940
2019-11-24T16:59:50.000Z,59.520267,20.98712,28,20010
2019-11-24T17:19:50.000Z,59.49352,20.904133,28,19590
2019-11-24T17:21:31.000Z,59.49136,20.897093,28,19590
2019-11-24T17:22:56.000Z,59.489445,20.890762,28,19630
2019-11-24T17:38:06.000Z,59.46888000000001,20.828853,28,20160
2019-11-24T17:47:50.000Z,59.452107,20.789307,28,20240
2019-11-24T17:51:11.000Z,59.446227,20.775867,28,20210
2019-11-24T17:54:05.000Z,59.441217,20.764418,28,20230
2019-11-24T18:03:03.000Z,59.425813,20.72912,28,20200
2019-11-24T18:04:02.000Z,59.42413000000001,20.725123,28,20230
2019-11-24T18:05:15.000Z,59.422187,20.720613,28,20180
2019-11-24T18:10:47.000Z,59.41256,20.698213,28,20220
2019-11-24T18:12:24.000Z,59.409707,20.691573,28,20170
2019-11-24T18:13:18.000Z,59.40816,20.687973,28,20210
2019-11-24T18:18:01.000Z,59.40032,20.66904,29,20130
2019-11-24T18:18:43.000Z,59.399147,20.666187,28,20100
2019-11-24T18:19:48.000Z,59.39728,20.661707,29,20140
2019-11-24T18:21:20.000Z,59.39474499999999,20.655643,29,20140
2019-11-24T18:26:16.000Z,59.38647,20.635298,29,20090
2019-11-24T18:29:37.000Z,59.380773,20.62136,28,20130
2019-11-24T18:36:58.000Z,59.36910500000001,20.592693,28,20110
2019-11-24T18:44:06.000Z,59.357413,20.56336,29,20110
2019-11-24T18:50:21.000Z,59.34744,20.538293,29,20060
2019-11-24T18:56:44.000Z,59.336865,20.511453,29,19970
2019-11-24T19:02:08.000Z,59.327947,20.48928,29,20070
2019-11-24T19:14:23.000Z,59.308187,20.43928,28,20010
2019-11-24T19:26:25.000Z,59.287013,20.390667,29,20440
2019-11-24T19:27:51.000Z,59.283973,20.38424,29,20410
2019-11-24T19:37:04.000Z,59.26614300000001,20.34758,29,20360
2019-11-24T19:57:50.000Z,59.22405300000001,20.265947,28,20530
2019-11-24T20:13:30.000Z,59.194133,20.205947,28,20580
2019-11-24T20:17:34.000Z,59.186368,20.19069,28,20520
2019-11-24T22:00:22.000Z,58.973668,19.808127,27,20750
2019-11-24T22:48:43.000Z,58.887067,19.62136,28,20290
2019-11-24T22:49:42.000Z,58.885333,19.61744,27,20310
2019-11-24T22:53:25.000Z,58.878987,19.60264,27,20250
2019-11-24T22:54:20.000Z,58.87784,19.599973,27,20150
2019-11-24T22:57:51.000Z,58.872053,19.58624,27,20160
