timestamp,longitude,latitude,speed,direction
2019-03-10T00:31:41.000Z,55.067373,25.026073,0,18220
2019-03-10T00:46:40.000Z,55.067388,25.026112,0,18220
2019-03-10T01:01:40.000Z,55.067283,25.026137,0,12000
2019-03-10T01:04:41.000Z,55.067363,25.026068,0,18220
2019-03-10T01:04:41.000Z,55.067363,25.026068,0,18220
2019-03-10T01:16:40.000Z,55.067355000000006,25.026047,0,18220
2019-03-10T01:31:40.000Z,55.067295,25.026035,0,18220
2019-03-10T01:37:40.000Z,55.067297,25.026067,0,18220
2019-03-10T01:37:40.000Z,55.067297,25.026067,0,18220
2019-03-10T01:40:40.000Z,55.067313,25.026053,0,18220
2019-03-10T01:46:40.000Z,55.06732,25.026027,0,18220
2019-03-10T01:58:41.000Z,55.067418,25.026033,0,25930
2019-03-10T02:13:41.000Z,55.067453,25.025977,0,18220
2019-03-10T02:19:40.000Z,55.067435,25.026027,0,18220
2019-03-10T02:19:40.000Z,55.067435,25.026027,0,18220
2019-03-10T02:28:41.000Z,55.067355000000006,25.026028,0,18220
2019-03-10T02:40:40.000Z,55.067377,25.025997,0,18220
2019-03-10T02:58:40.000Z,55.067308,25.026042,0,25930
2019-03-10T03:04:40.000Z,55.067308,25.025973,0,18220
2019-03-10T03:04:40.000Z,55.067308,25.025973,0,18220
2019-03-10T03:13:40.000Z,55.06735,25.026008,0,18220
2019-03-10T03:25:41.000Z,55.06729,25.026068,0,18220
2019-03-10T03:40:40.000Z,55.067298,25.02606,0,18220
2019-03-10T03:40:40.000Z,55.067298,25.02606,0,18220
2019-03-10T03:52:41.000Z,55.067257,25.026038,0,18220
2019-03-10T04:04:48.000Z,55.067283,25.026063,0,18220
2019-03-10T04:13:08.000Z,55.06738000000001,25.026163,0,720
2019-03-10T04:15:08.000Z,55.06736,25.02635,0,35190
2019-03-10T04:16:29.000Z,55.06731800000001,25.02654,0,34570
2019-03-10T04:17:38.000Z,55.06726,25.026707,0,31520
2019-03-10T04:18:29.000Z,55.06705,25.026793,1,27810
2019-03-10T04:18:59.000Z,55.06684,25.026803,2,27360
2019-03-10T04:19:29.000Z,55.06658,25.026798,3,26750
2019-03-10T04:19:49.000Z,55.066388,25.02678,3,26510
2019-03-10T04:20:08.000Z,55.066187,25.026758,3,26120
2019-03-10T04:20:29.000Z,55.065933,25.026752,4,26280
2019-03-10T04:20:49.000Z,55.065657,25.026735,4,26290
2019-03-10T04:21:08.000Z,55.065403,25.026692,5,26350
2019-03-10T04:21:29.000Z,55.06508,25.026658,5,26330
2019-03-10T04:21:49.000Z,55.064742,25.026627,5,26430
2019-03-10T04:22:10.000Z,55.064435,25.026588,6,26480
2019-03-10T04:22:29.000Z,55.064098,25.026553,6,26440
2019-03-10T04:22:49.000Z,55.06371800000001,25.026535,5,26020
2019-03-10T04:23:09.000Z,55.06336999999999,25.026487,6,26190
2019-03-10T04:23:29.000Z,55.063003,25.026448,7,26140
2019-03-10T04:23:49.000Z,55.06257,25.026358,7,26160
2019-03-10T04:24:09.000Z,55.062147,25.026288,7,26190
2019-03-10T04:24:28.000Z,55.061787,25.026262,7,26200
2019-03-10T04:24:38.000Z,55.061577,25.026255,7,26190
2019-03-10T04:24:49.000Z,55.06131,25.026232,7,26210
2019-03-10T04:24:58.000Z,55.06110699999999,25.026217000000006,8,26190
2019-03-10T04:25:09.000Z,55.060853,25.026193,7,26220
2019-03-10T04:25:19.000Z,55.060648,25.026163,7,26130
2019-03-10T04:25:28.000Z,55.06044,25.02613,7,26140
2019-03-10T04:25:38.000Z,55.0602,25.026097,8,26190
2019-03-10T04:25:49.000Z,55.059918,25.026063,8,26170
2019-03-10T04:25:58.000Z,55.05973,25.02604,8,26190
2019-03-10T04:26:09.000Z,55.059427,25.025998,8,26220
2019-03-10T04:26:18.000Z,55.059195,25.025963,8,26270
2019-03-10T04:26:28.000Z,55.058973,25.025932,8,26290
2019-03-10T04:26:39.000Z,55.05868,25.025895,9,26280
2019-03-10T04:26:49.000Z,55.058427,25.025863,8,26230
2019-03-10T04:26:58.000Z,55.05823,25.025832,9,26230
2019-03-10T04:27:09.000Z,55.057932,25.025787,9,26210
2019-03-10T04:27:18.000Z,55.057702,25.025758,9,26180
2019-03-10T04:27:28.000Z,55.05746800000001,25.025733,9,26170
2019-03-10T04:27:39.000Z,55.057152,25.025705,9,26130
2019-03-10T04:27:49.000Z,55.056877,25.025672,9,26160
2019-03-10T04:27:58.000Z,55.056622,25.025653,9,26160
2019-03-10T04:28:08.000Z,55.056367,25.02563,8,26690
2019-03-10T04:28:18.000Z,55.056075,25.025588,9,26230
2019-03-10T04:28:30.000Z,55.055783,25.025548,9,26350
2019-03-10T04:28:39.000Z,55.05550699999999,25.025517,10,26390
2019-03-10T04:28:49.000Z,55.05520500000001,25.02549,10,26440
2019-03-10T04:28:58.000Z,55.05494,25.025465,10,26420
2019-03-10T04:29:08.000Z,55.054692,25.025437,10,26360
2019-03-10T04:29:18.000Z,55.054402,25.025412,10,26380
2019-03-10T04:29:29.000Z,55.05410799999999,25.02537,9,26350
2019-03-10T04:29:39.000Z,55.053823,25.025338,10,26400
2019-03-10T04:29:49.000Z,55.053567,25.025308,10,26410
2019-03-10T04:29:58.000Z,55.053303,25.02528,10,26400
2019-03-10T04:30:10.000Z,55.052998,25.025252,10,26400
2019-03-10T04:30:19.000Z,55.052678,25.025217,10,26360
2019-03-10T04:30:29.000Z,55.052363,25.025178,10,26300
2019-03-10T04:30:39.000Z,55.052075,25.025152,10,26270
2019-03-10T04:30:49.000Z,55.05181700000001,25.025125,10,26250
2019-03-10T04:30:58.000Z,55.051532,25.025093,10,26270
2019-03-10T04:31:08.000Z,55.051275,25.02507,10,26290
2019-03-10T04:31:19.000Z,55.05096,25.025038,10,26350
2019-03-10T04:31:29.000Z,55.050647,25.024998,10,26390
2019-03-10T04:31:38.000Z,55.050388,25.024972,10,26860
2019-03-10T04:31:49.000Z,55.05009,25.02495,10,26760
2019-03-10T04:31:58.000Z,55.049812,25.024933,10,26820
2019-03-10T04:32:08.000Z,55.04951,25.024912,10,27050
2019-03-10T04:32:19.000Z,55.049175,25.024875,11,26490
2019-03-10T04:32:30.000Z,55.048822,25.02484,11,26500
2019-03-10T04:32:38.000Z,55.04853000000001,25.02482,11,26540
2019-03-10T04:32:49.000Z,55.048207,25.024797,11,26660
2019-03-10T04:32:58.000Z,55.047877,25.024778,11,26770
2019-03-10T04:33:08.000Z,55.047578,25.024767,11,26890
2019-03-10T04:33:19.000Z,55.047213,25.024762,11,27830
2019-03-10T04:33:29.000Z,55.046848,25.024772,11,27580
2019-03-10T04:33:38.000Z,55.046537,25.024783,12,27140
2019-03-10T04:33:49.000Z,55.046187,25.024797,12,27230
2019-03-10T04:33:58.000Z,55.045838,25.024825,12,27380
2019-03-10T04:34:08.000Z,55.045498,25.024855,12,27500
2019-03-10T04:34:19.000Z,55.045155,25.024887,12,27710
2019-03-10T04:34:30.000Z,55.04476700000001,25.024933,12,27870
2019-03-10T04:34:38.000Z,55.04444300000001,25.024982,13,28060
2019-03-10T04:34:48.000Z,55.04411800000001,25.025038,12,29160
2019-03-10T04:34:58.000Z,55.04375200000001,25.025122,13,28440
2019-03-10T04:35:08.000Z,55.04335,25.025225,13,28570
2019-03-10T04:35:19.000Z,55.04299200000001,25.02532,13,28770
2019-03-10T04:35:28.000Z,55.042637,25.025427,13,28920
2019-03-10T04:35:39.000Z,55.042245,25.025562,13,29170
2019-03-10T04:35:48.000Z,55.04196500000001,25.025668,13,29370
2019-03-10T04:35:58.000Z,55.041588,25.025827,13,29630
2019-03-10T04:36:08.000Z,55.041262,25.025987,12,31380
2019-03-10T04:36:19.000Z,55.04091500000001,25.026187,13,30370
2019-03-10T04:36:28.000Z,55.04062800000001,25.026368,13,30620
2019-03-10T04:36:39.000Z,55.04029,25.026607,14,30840
2019-03-10T04:36:48.000Z,55.040052,25.026785,14,31090
2019-03-10T04:36:58.000Z,55.039725,25.027052,14,31350
2019-03-10T04:37:08.000Z,55.03943,25.02731,14,31490
2019-03-10T04:37:19.000Z,55.039122,25.027612,15,31650
2019-03-10T04:37:28.000Z,55.03887,25.027863,15,31710
2019-03-10T04:37:39.000Z,55.03856700000001,25.028182,15,31800
2019-03-10T04:37:48.000Z,55.03834000000001,25.028417,15,31830
2019-03-10T04:37:58.000Z,55.03802,25.028745,16,31850
2019-03-10T04:38:08.000Z,55.037722,25.029062,16,31870
2019-03-10T04:38:19.000Z,55.037388,25.029422,16,31970
2019-03-10T04:38:28.000Z,55.037112,25.029723,16,32030
2019-03-10T04:38:39.000Z,55.03681,25.030058,15,32110
2019-03-10T04:38:48.000Z,55.03654,25.030362,17,32230
2019-03-10T04:38:58.000Z,55.036248,25.030703,17,32260
2019-03-10T04:39:08.000Z,55.035913,25.03109,17,32200
2019-03-10T04:39:19.000Z,55.035577,25.031477,17,32170
2019-03-10T04:39:28.000Z,55.0353,25.031797,17,32190
2019-03-10T04:39:38.000Z,55.035022,25.032117,18,32080
2019-03-10T04:39:48.000Z,55.034698,25.032478,17,31730
2019-03-10T04:39:59.000Z,55.034312,25.032907,17,31700
2019-03-10T04:40:08.000Z,55.034025,25.033228,17,31650
2019-03-10T04:40:19.000Z,55.033662,25.03361,18,31960
2019-03-10T04:40:28.000Z,55.03336700000001,25.033912,18,31910
2019-03-10T04:40:38.000Z,55.033062,25.03422,18,31890
2019-03-10T04:40:48.000Z,55.032680000000006,25.034627,19,31930
2019-03-10T04:40:59.000Z,55.0323,25.035037,19,31870
2019-03-10T04:41:19.000Z,55.031577,25.035755,18,31270
2019-03-10T04:41:28.000Z,55.031242000000006,25.036078,18,31260
2019-03-10T04:41:38.000Z,55.030898,25.036413,19,31700
2019-03-10T04:41:48.000Z,55.030483,25.036813,19,31660
2019-03-10T04:42:00.000Z,55.030083,25.03721,19,31650
2019-03-10T04:42:08.000Z,55.029743,25.03753,19,31560
2019-03-10T04:42:19.000Z,55.02932,25.037928,20,31590
2019-03-10T04:42:28.000Z,55.02897,25.03826,20,31590
2019-03-10T04:42:38.000Z,55.028618,25.038598,19,31070
2019-03-10T04:42:48.000Z,55.028177,25.039012,20,31100
2019-03-10T04:42:59.000Z,55.02773000000001,25.039425,21,31540
2019-03-10T04:43:09.000Z,55.027362,25.039775,21,31600
2019-03-10T04:43:19.000Z,55.0269,25.040208,21,31550
2019-03-10T04:43:28.000Z,55.026523,25.040562,22,31550
2019-03-10T04:43:39.000Z,55.026048,25.04099,22,31530
2019-03-10T04:43:48.000Z,55.02566,25.041348,22,31550
2019-03-10T04:44:00.000Z,55.025182,25.041802,22,31550
2019-03-10T04:44:08.000Z,55.02479,25.042172,22,31550
2019-03-10T04:44:19.000Z,55.02430500000001,25.042623000000006,23,31560
2019-03-10T04:44:28.000Z,55.02391,25.042992,23,31570
2019-03-10T04:44:39.000Z,55.02341800000001,25.04345,23,31550
2019-03-10T04:44:48.000Z,55.02300200000001,25.043833,23,31550
2019-03-10T04:44:59.000Z,55.022478,25.04431,23,31530
2019-03-10T04:45:08.000Z,55.022047,25.044693,24,31450
2019-03-10T04:45:19.000Z,55.021522,25.04516,23,31210
2019-03-10T04:45:28.000Z,55.021088,25.045557,23,31220
2019-03-10T04:45:39.000Z,55.020557,25.046042,24,31510
2019-03-10T04:45:48.000Z,55.020113,25.046432,24,31490
2019-03-10T04:46:00.000Z,55.019575,25.046913,24,31520
2019-03-10T04:46:08.000Z,55.01914,25.047317,25,31540
2019-03-10T04:46:19.000Z,55.018658,25.047768,25,31540
2019-03-10T04:46:29.000Z,55.018165,25.04822,24,31270
2019-03-10T04:46:39.000Z,55.017613,25.048705,24,31440
2019-03-10T04:46:48.000Z,55.01716800000001,25.049108,24,31200
2019-03-10T04:46:59.000Z,55.016627,25.049608,25,31450
2019-03-10T04:47:08.000Z,55.01617,25.050012,25,31470
2019-03-10T04:47:19.000Z,55.015617000000006,25.050508,25,31510
2019-03-10T04:47:29.000Z,55.015162,25.050917,25,31520
2019-03-10T04:47:39.000Z,55.01461,25.051428,25,31490
2019-03-10T04:47:48.000Z,55.014205,25.051797,25,31440
2019-03-10T04:47:57.000Z,55.01374499999999,25.05221,26,31520
2019-03-10T04:48:14.000Z,55.012873,25.053,26,31500
2019-03-10T04:48:19.000Z,55.012568,25.053283,26,31530
2019-03-10T04:48:26.000Z,55.012213,25.053615,26,31530
2019-03-10T04:48:32.000Z,55.011957,25.053857,26,31510
2019-03-10T04:48:38.000Z,55.01164300000001,25.054143,26,31480
2019-03-10T04:48:45.000Z,55.011282,25.054475,26,31500
2019-03-10T04:48:50.000Z,55.011028,25.05471,26,31550
2019-03-10T04:48:57.000Z,55.010677,25.055038,26,31580
2019-03-10T04:49:03.000Z,55.01037,25.055318,26,31530
2019-03-10T04:49:08.000Z,55.010055,25.055593,26,31460
2019-03-10T04:49:14.000Z,55.00979,25.055825,26,31430
2019-03-10T04:49:21.000Z,55.009427,25.056153,25,31080
2019-03-10T04:49:26.000Z,55.009112,25.056435,25,31140
2019-03-10T04:49:32.000Z,55.008847,25.056668,25,31130
2019-03-10T04:49:38.000Z,55.008525,25.056945,26,31380
2019-03-10T04:49:45.000Z,55.008158,25.057272,26,31450
2019-03-10T04:49:50.000Z,55.007897,25.057507,26,31470
2019-03-10T04:49:57.000Z,55.00753,25.057835,26,31450
2019-03-10T04:50:03.000Z,55.007215,25.058115,26,31450
2019-03-10T04:50:08.000Z,55.006902,25.058397,26,31450
2019-03-10T04:50:21.000Z,55.006265,25.058965,26,31460
2019-03-10T04:50:27.000Z,55.00594,25.059248,26,31420
2019-03-10T04:50:32.000Z,55.00566800000001,25.059482,26,31390
2019-03-10T04:50:38.000Z,55.00534200000001,25.05977,27,31400
2019-03-10T04:50:45.000Z,55.004962,25.060105,27,31420
2019-03-10T04:50:51.000Z,55.004962,25.060105,27,31420
2019-03-10T04:50:51.000Z,55.004962,25.060105,27,31420
2019-03-10T04:50:57.000Z,55.00431999999999,25.060678,27,31450
2019-03-10T04:51:08.000Z,55.003677,25.061252,27,31440
2019-03-10T04:51:14.000Z,55.00340799999999,25.061492,27,31420
2019-03-10T04:51:21.000Z,55.00303,25.06183,27,31410
2019-03-10T04:51:26.000Z,55.002703,25.06212,27,31420
2019-03-10T04:51:32.000Z,55.002372,25.06241,27,31430
2019-03-10T04:51:38.000Z,55.002098,25.062652,27,31440
2019-03-10T04:51:45.000Z,55.001723,25.06299,27,31460
2019-03-10T04:51:50.000Z,55.00145799999999,25.063228,27,31470
2019-03-10T04:51:57.000Z,55.001088,25.063558,27,31440
2019-03-10T04:52:03.000Z,55.000762,25.063842,26,31390
2019-03-10T04:52:08.000Z,55.000485,25.064082,26,31280
2019-03-10T04:52:14.000Z,55.0001,25.064418,27,31440
2019-03-10T04:52:15.000Z,55.000485,25.064082,26,31280
2019-03-10T04:52:15.000Z,55.000485,25.064082,26,31280
2019-03-10T04:52:21.000Z,54.99977,25.064708,27,31430
2019-03-10T04:52:27.000Z,54.999445,25.065002,27,31430
2019-03-10T04:52:32.000Z,54.999175,25.065245,27,31440
2019-03-10T04:52:38.000Z,54.998848,25.065538,27,31420
2019-03-10T04:52:45.000Z,54.998468,25.065877,27,31410
2019-03-10T04:52:50.000Z,54.998202,25.066115,27,31430
2019-03-10T04:52:57.000Z,54.99782800000001,25.06645,27,31430
2019-03-10T04:53:03.000Z,54.997505,25.066737,26,31320
2019-03-10T04:53:09.000Z,54.99718000000001,25.067025,26,31140
2019-03-10T04:53:14.000Z,54.99691,25.067267,26,31200
2019-03-10T04:53:21.000Z,54.996532,25.067608,26,31190
2019-03-10T04:53:27.000Z,54.99621,25.067905,26,31180
2019-03-10T04:53:32.000Z,54.995888,25.068198,27,31450
2019-03-10T04:53:38.000Z,54.995617,25.06844,27,31430
2019-03-10T04:53:45.000Z,54.99523000000001,25.068777,27,31430
2019-03-10T04:53:51.000Z,54.994897,25.06906,27,31470
2019-03-10T04:53:56.000Z,54.994567,25.06935,27,31470
2019-03-10T04:54:03.000Z,54.99424000000001,25.06964,27,31450
2019-03-10T04:54:09.000Z,54.993912,25.069933,27,31450
2019-03-10T04:54:14.000Z,54.993583,25.070225,27,31460
2019-03-10T04:54:21.000Z,54.99325500000001,25.070522,27,31450
2019-03-10T04:54:26.000Z,54.992922,25.070815,27,31460
2019-03-10T04:54:32.000Z,54.992642,25.071063,27,31490
2019-03-10T04:54:39.000Z,54.992252,25.07141,27,31490
2019-03-10T04:54:45.000Z,54.991923,25.071707,26,31240
2019-03-10T04:54:51.000Z,54.991595,25.071998,26,31170
2019-03-10T04:54:57.000Z,54.99126999999999,25.072293,27,31450
2019-03-10T04:55:03.000Z,54.990948,25.07259,27,31510
2019-03-10T04:55:09.000Z,54.990627,25.072885,27,31490
2019-03-10T04:55:15.000Z,54.9903,25.073182,27,31430
2019-03-10T04:55:21.000Z,54.989913,25.073525,27,31440
2019-03-10T04:55:27.000Z,54.989638,25.073768,27,31490
2019-03-10T04:55:32.000Z,54.989367,25.074012,27,31490
2019-03-10T04:55:39.000Z,54.988985,25.074353,27,31470
2019-03-10T04:55:44.000Z,54.988657,25.074647,27,31450
2019-03-10T04:55:51.000Z,54.98833000000001,25.07494,27,31450
2019-03-10T04:56:02.000Z,54.98767700000001,25.075535,26,31070
2019-03-10T04:56:09.000Z,54.987338,25.075833,26,31120
2019-03-10T04:56:15.000Z,54.986997,25.076127,27,31420
2019-03-10T04:56:21.000Z,54.986667,25.07642,27,31420
2019-03-10T04:56:26.000Z,54.986398,25.076667,27,31470
2019-03-10T04:56:32.000Z,54.986082,25.076967,27,31530
2019-03-10T04:56:44.000Z,54.985383,25.077603,27,31440
2019-03-10T04:56:51.000Z,54.985053,25.077898,27,31470
2019-03-10T04:56:56.000Z,54.984723,25.078197,27,31510
2019-03-10T04:57:03.000Z,54.98439499999999,25.078495,27,31490
2019-03-10T04:57:09.000Z,54.984063,25.078793,27,31460
2019-03-10T04:57:15.000Z,54.983732,25.079093,27,31470
2019-03-10T04:57:20.000Z,54.983455000000006,25.079345,27,31490
2019-03-10T04:57:26.000Z,54.983125,25.079652,27,31530
2019-03-10T04:57:32.000Z,54.982797,25.079958,28,31540
2019-03-10T04:57:39.000Z,54.98241700000001,25.080308,27,31540
2019-03-10T04:57:44.000Z,54.982093000000006,25.080602,27,31500
2019-03-10T04:57:51.000Z,54.98176700000001,25.08089,27,31420
2019-03-10T04:57:57.000Z,54.981435,25.081183,27,31400
2019-03-10T04:58:02.000Z,54.981097,25.081482,27,31410
2019-03-10T04:58:09.000Z,54.980758,25.081777,27,31340
2019-03-10T04:58:15.000Z,54.98042,25.082062,27,31300
2019-03-10T04:58:20.000Z,54.980135,25.082298,27,31350
2019-03-10T04:58:26.000Z,54.97974,25.08264,27,31440
2019-03-10T04:58:31.000Z,54.97974,25.08264,27,31440
2019-03-10T04:58:31.000Z,54.97974,25.08264,27,31440
2019-03-10T04:58:33.000Z,54.979402,25.082935,27,31410
2019-03-10T04:58:39.000Z,54.979062,25.083225,26,31040
2019-03-10T04:58:44.000Z,54.978727,25.083517,26,31140
2019-03-10T04:58:51.000Z,54.978393,25.083805,26,31110
2019-03-10T04:58:57.000Z,54.97805500000001,25.08409,27,31310
2019-03-10T04:59:02.000Z,54.977713,25.084373,27,31280
2019-03-10T04:59:09.000Z,54.977377,25.084657,27,31290
2019-03-10T04:59:14.000Z,54.977042,25.084942,27,31330
2019-03-10T04:59:20.000Z,54.976762,25.085183,27,31370
2019-03-10T04:59:26.000Z,54.976373,25.085528,27,31370
2019-03-10T04:59:32.000Z,54.976038,25.085822,27,31360
2019-03-10T04:59:44.000Z,54.975373,25.086412,27,31370
2019-03-10T04:59:51.000Z,54.97499200000001,25.086747,27,31380
2019-03-10T04:59:56.000Z,54.974718,25.086987,27,31370
2019-03-10T05:00:02.000Z,54.974387,25.087277,26,31150
2019-03-10T05:00:09.000Z,54.974052,25.087572,26,31170
2019-03-10T05:00:14.000Z,54.973712,25.087865,26,31180
2019-03-10T05:00:21.000Z,54.973427,25.08811,28,31360
2019-03-10T05:00:26.000Z,54.973028,25.088452,28,31340
2019-03-10T05:00:32.000Z,54.972685,25.088743,28,31330
2019-03-10T05:00:38.000Z,54.972345,25.089028,28,31360
2019-03-10T05:00:45.000Z,54.972008,25.089313,28,31420
2019-03-10T05:00:51.000Z,54.97161800000001,25.089657,28,31430
2019-03-10T05:00:56.000Z,54.971337,25.089907,28,31380
2019-03-10T05:01:02.000Z,54.970997,25.090207,28,31360
2019-03-10T05:01:14.000Z,54.970313,25.090808,27,31280
2019-03-10T05:01:20.000Z,54.96997,25.091105,27,31370
2019-03-10T05:01:32.000Z,54.96928000000001,25.091683,27,31230
2019-03-10T05:01:38.000Z,54.96894200000001,25.091972,27,31220
2019-03-10T05:01:57.000Z,54.967935,25.092857,28,31370
2019-03-10T05:02:08.000Z,54.967313,25.093398,28,31390
2019-03-10T05:02:15.000Z,54.966915,25.093742,28,31390
2019-03-10T05:02:20.000Z,54.966572,25.094033,28,31410
2019-03-10T05:02:27.000Z,54.966233,25.094327,28,31390
2019-03-10T05:02:33.000Z,54.96589300000001,25.094618,28,31350
2019-03-10T05:02:38.000Z,54.96555,25.094912,28,31360
2019-03-10T05:02:51.000Z,54.964817,25.095562,27,31100
2019-03-10T05:02:57.000Z,54.96454,25.095802,28,31400
2019-03-10T05:03:02.000Z,54.964207,25.096087,28,31380
2019-03-10T05:03:08.000Z,54.963925,25.096328,28,31360
2019-03-10T05:03:14.000Z,54.963527,25.096677,28,31390
2019-03-10T05:03:20.000Z,54.963183,25.09698,28,31420
2019-03-10T05:03:27.000Z,54.962838,25.097283,28,31410
2019-03-10T05:03:33.000Z,54.962437,25.097635,28,31420
2019-03-10T05:03:38.000Z,54.962157,25.097888,28,31420
2019-03-10T05:03:44.000Z,54.962157,25.097888,28,31420
2019-03-10T05:03:44.000Z,54.962157,25.097888,28,31420
2019-03-10T05:03:51.000Z,54.961483,25.098485,28,31380
2019-03-10T05:03:57.000Z,54.961145,25.098775,28,31370
2019-03-10T05:04:02.000Z,54.960812,25.099067,28,31410
2019-03-10T05:04:08.000Z,54.960533,25.099315,28,31430
2019-03-10T05:04:14.000Z,54.960137,25.099667,28,31410
2019-03-10T05:04:21.000Z,54.95979200000001,25.099970000000006,28,31400
2019-03-10T05:04:33.000Z,54.959112,25.100573,28,31400
2019-03-10T05:04:39.000Z,54.958773,25.100872,28,31370
2019-03-10T05:04:45.000Z,54.958437,25.101165,28,31370
2019-03-10T05:04:58.000Z,54.957773,25.101755,28,31480
2019-03-10T05:05:21.000Z,54.956435,25.102942,27,31040
2019-03-10T05:05:25.000Z,54.95608000000001,25.103227,27,31090
2019-03-10T05:05:33.000Z,54.955763,25.103548,27,31190
2019-03-10T05:05:39.000Z,54.95542,25.10385,28,31420
2019-03-10T05:05:45.000Z,54.955082,25.104152,28,31390
2019-03-10T05:05:56.000Z,54.954742,25.104452,28,31380
2019-03-10T05:06:04.000Z,54.954403000000006,25.104753,28,31450
2019-03-10T05:06:21.000Z,54.953055000000006,25.105957,28,31450
2019-03-10T05:06:27.000Z,54.95271700000001,25.106263,28,31480
2019-03-10T05:06:33.000Z,54.952325,25.10662,28,31470
2019-03-10T05:06:45.000Z,54.95171,25.10717,28,31430
2019-03-10T05:07:07.000Z,54.950695,25.108058,28,31410
2019-03-10T05:07:07.000Z,54.950695,25.108058,28,31410
2019-03-10T05:07:21.000Z,54.949672,25.108942000000006,28,31340
2019-03-10T05:07:26.000Z,54.949332,25.109238,28,31330
2019-03-10T05:07:44.000Z,54.948322,25.110132,28,31380
2019-03-10T05:07:51.000Z,54.947987,25.11042,27,31360
2019-03-10T05:07:57.000Z,54.947653,25.110715,27,31370
2019-03-10T05:08:08.000Z,54.94704300000001,25.111255,26,30900
2019-03-10T05:08:14.000Z,54.946657,25.111593,26,30670
2019-03-10T05:08:27.000Z,54.945998,25.112155,27,31390
2019-03-10T05:08:38.000Z,54.94535,25.112713,27,31360
2019-03-10T05:08:44.000Z,54.945023,25.112995,27,31360
2019-03-10T05:08:51.000Z,54.944697,25.113278,27,31390
2019-03-10T05:08:56.000Z,54.944372,25.113562,27,31410
2019-03-10T05:09:02.000Z,54.944048,25.113848,26,31390
2019-03-10T05:09:09.000Z,54.943723,25.114132,26,31360
2019-03-10T05:09:14.000Z,54.943402,25.114408,26,31370
2019-03-10T05:09:39.000Z,54.94212,25.115493,25,31420
2019-03-10T05:09:45.000Z,54.941802,25.115777,26,31470
2019-03-10T05:09:56.000Z,54.941238,25.11629,25,31490
2019-03-10T05:10:03.000Z,54.94088000000001,25.116617,25,31500
2019-03-10T05:10:14.000Z,54.940278,25.11717,25,31520
2019-03-10T05:10:21.000Z,54.939983,25.117443,25,31520
2019-03-10T05:10:26.000Z,54.93969300000001,25.117722,25,31530
2019-03-10T05:10:33.000Z,54.939402,25.117997,25,31540
2019-03-10T05:10:38.000Z,54.939108,25.118265,25,31500
2019-03-10T05:10:45.000Z,54.93881500000001,25.11853,24,31480
2019-03-10T05:10:51.000Z,54.938522,25.118795,24,31520
2019-03-10T05:10:56.000Z,54.938280000000006,25.119017000000003,24,31560
2019-03-10T05:11:02.000Z,54.937947,25.11932,24,31540
2019-03-10T05:11:08.000Z,54.937662,25.119577,24,31540
2019-03-10T05:11:14.000Z,54.93738000000001,25.119828,24,31540
2019-03-10T05:11:21.000Z,54.937102,25.120082,24,31540
2019-03-10T05:11:26.000Z,54.936822,25.120338,23,31530
2019-03-10T05:11:32.000Z,54.936542,25.1206,23,31540
2019-03-10T05:11:38.000Z,54.93626,25.120857,23,31550
2019-03-10T05:11:44.000Z,54.935982,25.121112,23,31550
2019-03-10T05:11:56.000Z,54.93548199999999,25.121565,22,31550
2019-03-10T05:12:03.000Z,54.935162,25.121853,22,31550
2019-03-10T05:12:09.000Z,54.934893,25.122102,22,31310
2019-03-10T05:12:14.000Z,54.934633,25.122353,22,31340
2019-03-10T05:12:21.000Z,54.93438,25.1226,22,31590
2019-03-10T05:12:32.000Z,54.933872,25.123078,22,31590
2019-03-10T05:12:38.000Z,54.933615,25.123317,22,31590
2019-03-10T05:12:44.000Z,54.933362,25.123552,21,31570
2019-03-10T05:12:56.000Z,54.932903,25.123982,21,31570
2019-03-10T05:13:08.000Z,54.93236,25.124483,21,31550
2019-03-10T05:13:13.000Z,54.93219499999999,25.124635,21,31560
2019-03-10T05:13:21.000Z,54.931872,25.124937,20,31610
2019-03-10T05:13:43.000Z,54.930997,25.125748,20,31560
2019-03-10T05:13:56.000Z,54.930497,25.126207,20,31490
2019-03-10T05:14:12.000Z,54.929832,25.126812,19,31510
2019-03-10T05:14:54.000Z,54.92831500000001,25.128222,18,31320
2019-03-10T05:15:03.000Z,54.927947,25.128562,18,31510
2019-03-10T05:15:33.000Z,54.926875,25.129567,18,31530
2019-03-10T05:15:43.000Z,54.92653000000001,25.129895,18,31540
2019-03-10T05:15:54.000Z,54.926183,25.130225,18,31550
2019-03-10T05:16:03.000Z,54.925828,25.130543,17,31560
2019-03-10T05:16:23.000Z,54.925073,25.131217000000003,17,31550
2019-03-10T05:16:32.000Z,54.924762,25.131507,17,31550
2019-03-10T05:16:43.000Z,54.92442,25.131823,17,31560
2019-03-10T05:16:53.000Z,54.92408,25.132143,17,31580
2019-03-10T05:17:03.000Z,54.92374,25.132463,17,31590
2019-03-10T05:17:12.000Z,54.923408,25.132778,17,31590
2019-03-10T05:17:23.000Z,54.92306,25.133108,17,31600
2019-03-10T05:17:32.000Z,54.922777,25.133377,16,31600
2019-03-10T05:17:42.000Z,54.922453,25.133678,16,31600
2019-03-10T05:17:52.000Z,54.92216,25.13395,16,31560
2019-03-10T05:18:32.000Z,54.920872,25.135158,16,31630
2019-03-10T05:18:42.000Z,54.920523,25.135477,16,31660
2019-03-10T05:18:52.000Z,54.920247,25.135737,15,31460
2019-03-10T05:19:12.000Z,54.91959,25.136352,15,31650
2019-03-10T05:19:32.000Z,54.91901800000001,25.136907,15,31680
2019-03-10T05:20:03.000Z,54.91810699999999,25.137812,15,31650
2019-03-10T05:20:13.000Z,54.917818,25.138087,14,31660
2019-03-10T05:20:23.000Z,54.917527,25.138347,15,31520
2019-03-10T05:20:32.000Z,54.917265,25.138578,15,31490
2019-03-10T05:20:42.000Z,54.91694200000001,25.138863,14,31500
2019-03-10T05:20:52.000Z,54.916687,25.139097,14,31550
2019-03-10T05:21:03.000Z,54.91635,25.139415,14,31690
2019-03-10T05:21:13.000Z,54.916107,25.13966,14,33810
2019-03-10T05:21:23.000Z,54.91585500000001,25.139942,14,34550
2019-03-10T05:21:32.000Z,54.915643,25.140198,14,34390
2019-03-10T05:21:42.000Z,54.915393,25.140518,14,34410
2019-03-10T05:21:52.000Z,54.915188,25.14081,13,32970
2019-03-10T05:22:03.000Z,54.91499200000001,25.14115,13,33330
2019-03-10T05:22:12.000Z,54.91485,25.141425,13,33700
2019-03-10T05:22:23.000Z,54.91472,25.14174,13,34110
2019-03-10T05:22:32.000Z,54.914625,25.142037,13,34430
2019-03-10T05:22:43.000Z,54.914532,25.142397,13,34760
2019-03-10T05:22:52.000Z,54.914458,25.142725,13,35840
2019-03-10T05:23:12.000Z,54.914365,25.143402,13,35350
2019-03-10T05:23:23.000Z,54.914332,25.143738,13,35520
2019-03-10T05:23:32.000Z,54.914308,25.144038,13,35660
2019-03-10T05:23:43.000Z,54.914285,25.144403,13,35870
2019-03-10T05:23:53.000Z,54.91428199999999,25.14474,13,30
2019-03-10T05:24:03.000Z,54.914292,25.145108,13,50
2019-03-10T05:24:12.000Z,54.914297,25.145378,13,40
2019-03-10T05:24:23.000Z,54.914292,25.145758,13,35970
2019-03-10T05:24:42.000Z,54.91428199999999,25.146425,13,35980
2019-03-10T05:24:52.000Z,54.914283,25.146803,13,10
2019-03-10T05:25:03.000Z,54.914287,25.147167,13,70
2019-03-10T05:25:12.000Z,54.914295,25.147425,13,210
2019-03-10T05:25:22.000Z,54.914308,25.14779,13,230
2019-03-10T05:25:32.000Z,54.91432,25.148092,12,34760
2019-03-10T05:25:42.000Z,54.914325,25.148428,12,34620
2019-03-10T05:25:52.000Z,54.914317,25.148787,13,35850
2019-03-10T05:26:04.000Z,54.91429300000001,25.149143,13,35670
2019-03-10T05:26:12.000Z,54.914272,25.14941,13,35520
2019-03-10T05:26:22.000Z,54.914237,25.149783,13,35350
2019-03-10T05:26:32.000Z,54.914193,25.150097,13,35200
2019-03-10T05:26:42.000Z,54.914135,25.150453,13,35070
2019-03-10T05:26:52.000Z,54.91406800000001,25.150835,12,34050
2019-03-10T05:27:12.000Z,54.913898,25.151507,14,34680
2019-03-10T05:27:32.000Z,54.91368000000001,25.152237,14,34230
2019-03-10T05:27:42.000Z,54.913557,25.152602,15,34160
2019-03-10T05:27:52.000Z,54.91340699999999,25.153002,15,34140
2019-03-10T05:28:12.000Z,54.913118,25.153728,15,34230
2019-03-10T05:28:32.000Z,54.912808,25.154518,17,34110
2019-03-10T05:28:43.000Z,54.91264200000001,25.154967000000006,17,34080
2019-03-10T05:29:03.000Z,54.912312,25.15582,18,34150
2019-03-10T05:29:13.000Z,54.912142,25.156298,18,34260
2019-03-10T05:29:52.000Z,54.911522,25.15809,19,34250
2019-03-10T05:30:13.000Z,54.91115500000001,25.159117,20,34220
2019-03-10T05:30:22.000Z,54.911007,25.159562,20,34250
2019-03-10T05:30:32.000Z,54.910842,25.160047,20,34170
2019-03-10T05:30:53.000Z,54.910477,25.161033,21,34150
2019-03-10T05:31:13.000Z,54.910077,25.162123,21,34160
2019-03-10T05:31:32.000Z,54.909707,25.16311,22,34110
2019-03-10T05:31:52.000Z,54.909303,25.164173,22,34160
2019-03-10T05:32:03.000Z,54.90909300000001,25.164718,22,34170
2019-03-10T05:32:13.000Z,54.908892,25.16527,21,33800
2019-03-10T05:32:22.000Z,54.908717,25.165773,22,34070
2019-03-10T05:32:33.000Z,54.90851,25.166325,23,34020
2019-03-10T05:33:13.000Z,54.907563,25.168552,23,33800
2019-03-10T05:33:32.000Z,54.90706700000001,25.169668,22,33580
2019-03-10T05:33:52.000Z,54.906573,25.170812,24,33840
2019-03-10T05:34:13.000Z,54.906085,25.171953,24,33840
2019-03-10T05:34:32.000Z,54.905612,25.173097,23,33780
2019-03-10T05:35:13.000Z,54.904637,25.17548,25,34030
2019-03-10T05:35:23.000Z,54.904422,25.17602,25,34020
2019-03-10T05:36:04.000Z,54.90342800000001,25.178502,24,33710
2019-03-10T05:36:12.000Z,54.903235,25.178995,24,33660
2019-03-10T05:36:23.000Z,54.902977,25.179673,25,34110
2019-03-10T05:36:32.000Z,54.902773,25.180223,25,34070
2019-03-10T05:36:40.000Z,54.902563,25.180775,25,34070
2019-03-10T05:36:46.000Z,54.902413,25.181153,25,34050
2019-03-10T05:37:04.000Z,54.901997,25.182217,26,34050
2019-03-10T05:37:17.000Z,54.901677,25.183017,26,34010
2019-03-10T05:37:22.000Z,54.901532,25.18338,26,34040
2019-03-10T05:37:35.000Z,54.90125,25.184117,26,34110
2019-03-10T05:37:40.000Z,54.90111,25.184487,26,34140
2019-03-10T05:38:04.000Z,54.900567,25.185988,26,34160
2019-03-10T05:38:10.000Z,54.90043000000001,25.186363,26,34120
2019-03-10T05:38:16.000Z,54.900287,25.186738,26,34120
2019-03-10T05:38:35.000Z,54.89986,25.187868,26,34200
2019-03-10T05:38:40.000Z,54.899723,25.18825,26,34220
2019-03-10T05:38:52.000Z,54.899448,25.189008,25,33910
2019-03-10T05:38:58.000Z,54.89931,25.18938,25,33940
2019-03-10T05:39:04.000Z,54.899175,25.189753,26,34190
2019-03-10T05:39:10.000Z,54.899045,25.19013,26,34190
2019-03-10T05:39:40.000Z,54.898422,25.192038,26,34310
2019-03-10T05:39:53.000Z,54.898155,25.192815,26,34360
2019-03-10T05:39:58.000Z,54.898027,25.19321,26,34400
2019-03-10T05:40:16.000Z,54.897665,25.194373,26,34530
2019-03-10T05:40:35.000Z,54.89733,25.195552,27,34570
2019-03-10T05:40:40.000Z,54.89721700000001,25.195948,27,34570
2019-03-10T05:40:46.000Z,54.897107,25.19634,27,34560
2019-03-10T05:40:53.000Z,54.896997,25.196733,27,34550
2019-03-10T05:41:10.000Z,54.896658,25.197932,27,34490
2019-03-10T05:41:16.000Z,54.896547,25.198327,27,34520
2019-03-10T05:41:22.000Z,54.896437,25.198718,27,34550
2019-03-10T05:41:28.000Z,54.896327,25.199103,27,34560
2019-03-10T05:41:35.000Z,54.896222,25.199492000000006,27,34600
2019-03-10T05:41:40.000Z,54.89612,25.199883,27,34630
2019-03-10T05:41:46.000Z,54.896022,25.200272,27,34670
2019-03-10T05:41:53.000Z,54.895925,25.20066,27,34680
2019-03-10T05:42:01.000Z,54.895825,25.201055,27,34680
2019-03-10T05:42:16.000Z,54.89550799999999,25.202245,27,34710
2019-03-10T05:42:23.000Z,54.895402,25.202637,27,34750
2019-03-10T05:42:28.000Z,54.89530300000001,25.203028,27,34780
2019-03-10T05:42:35.000Z,54.895215,25.203422,27,34810
2019-03-10T05:42:40.000Z,54.895128,25.203823,25,34670
2019-03-10T05:42:46.000Z,54.895038,25.204232,25,34700
2019-03-10T05:42:52.000Z,54.894948,25.204637,25,34680
2019-03-10T05:42:59.000Z,54.894857,25.20504,26,34860
2019-03-10T05:43:11.000Z,54.894688,25.205843,26,34880
2019-03-10T05:43:16.000Z,54.894608,25.206238,26,34870
2019-03-10T05:43:23.000Z,54.894512,25.206698,26,34900
2019-03-10T05:43:29.000Z,54.89444,25.20703,26,34930
2019-03-10T05:43:35.000Z,54.894355,25.20743,26,34960
2019-03-10T05:43:40.000Z,54.89427,25.20783,26,34970
2019-03-10T05:43:46.000Z,54.89419,25.20823,26,34990
2019-03-10T05:43:53.000Z,54.894117,25.208625,26,35030
2019-03-10T05:43:59.000Z,54.894048,25.209018,26,35050
2019-03-10T05:44:04.000Z,54.893983,25.209408,26,35070
2019-03-10T05:44:17.000Z,54.893863,25.210125,26,35080
2019-03-10T05:44:28.000Z,54.893697,25.210995,26,35030
2019-03-10T05:44:35.000Z,54.893622,25.211402,26,35020
2019-03-10T05:44:40.000Z,54.893547,25.211802,26,35050
2019-03-10T05:44:53.000Z,54.893418,25.21259,26,35210
2019-03-10T05:44:59.000Z,54.893363,25.212988,26,35300
2019-03-10T05:45:05.000Z,54.893312,25.213393,26,35360
2019-03-10T05:45:16.000Z,54.893232,25.21414,26,35470
2019-03-10T05:45:23.000Z,54.893185,25.214618,26,35460
2019-03-10T05:45:34.000Z,54.89310500000001,25.215368,25,35320
2019-03-10T05:45:40.000Z,54.893062,25.215848,25,35320
2019-03-10T05:45:46.000Z,54.893028,25.216262,27,35560
2019-03-10T05:45:53.000Z,54.892998,25.216672,27,35590
2019-03-10T05:45:59.000Z,54.892968,25.217077,27,35590
2019-03-10T05:46:04.000Z,54.89294,25.21748,27,35600
2019-03-10T05:46:11.000Z,54.892915,25.217883,27,35600
2019-03-10T05:46:16.000Z,54.892895,25.218217000000006,27,35600
2019-03-10T05:46:23.000Z,54.89286,25.218748,27,35570
2019-03-10T05:46:28.000Z,54.892833,25.219082,27,35540
2019-03-10T05:46:34.000Z,54.892802,25.219417,27,35530
2019-03-10T05:46:40.000Z,54.89275799999999,25.219892,27,35550
2019-03-10T05:46:47.000Z,54.892723,25.220305,25,35700
2019-03-10T05:46:59.000Z,54.89265500000001,25.221137,27,35690
2019-03-10T05:47:05.000Z,54.892625,25.221548,27,35710
2019-03-10T05:47:11.000Z,54.892598,25.22196,27,35740
2019-03-10T05:47:16.000Z,54.89258,25.2223,27,35780
2019-03-10T05:47:22.000Z,54.892562,25.222768,27,35810
2019-03-10T05:47:28.000Z,54.89255,25.223172,27,35850
2019-03-10T05:47:34.000Z,54.892543,25.223512,27,35870
2019-03-10T05:47:47.000Z,54.892525,25.224412,27,35860
2019-03-10T05:47:59.000Z,54.892512,25.225235,27,35880
2019-03-10T05:48:05.000Z,54.892507,25.22564,25,35640
2019-03-10T05:48:11.000Z,54.89250500000001,25.226043,25,35710
2019-03-10T05:48:16.000Z,54.89250300000001,25.226382,27,35990
2019-03-10T05:48:34.000Z,54.8925,25.22761,27,90
2019-03-10T05:48:40.000Z,54.89252,25.228087,27,160
2019-03-10T05:48:48.000Z,54.89254200000001,25.228493,27,250
2019-03-10T05:49:04.000Z,54.892623,25.229725,26,100
2019-03-10T05:49:11.000Z,54.892658,25.230133,26,140
2019-03-10T05:49:16.000Z,54.892698,25.230538,26,190
2019-03-10T05:49:22.000Z,54.89273299999999,25.230945,26,210
2019-03-10T05:49:28.000Z,54.892757,25.231283,26,210
2019-03-10T05:49:34.000Z,54.892788,25.231693,26,190
2019-03-10T05:49:47.000Z,54.892883,25.232577,27,570
2019-03-10T05:50:04.000Z,54.893037,25.23381,27,590
2019-03-10T05:50:12.000Z,54.893085,25.234218,27,610
2019-03-10T05:50:28.000Z,54.89324499999999,25.235443,27,750
2019-03-10T05:50:34.000Z,54.893302,25.235782,27,830
2019-03-10T05:50:41.000Z,54.893388,25.236257,27,890
2019-03-10T05:50:53.000Z,54.89354,25.237073,27,950
2019-03-10T05:51:04.000Z,54.893682,25.237878,27,940
2019-03-10T05:51:16.000Z,54.893827,25.238705,27,1000
2019-03-10T05:51:28.000Z,54.89399,25.239533,27,1100
2019-03-10T05:51:36.000Z,54.89406500000001,25.239872,27,1190
2019-03-10T05:51:41.000Z,54.894187,25.240345,27,1260
2019-03-10T05:51:47.000Z,54.89429499999999,25.240748,27,1320
2019-03-10T05:51:53.000Z,54.894405000000006,25.241152,27,1390
2019-03-10T05:51:58.000Z,54.894522,25.241553,27,1450
2019-03-10T05:52:04.000Z,54.89464,25.241953,26,1930
2019-03-10T05:52:16.000Z,54.894893,25.242755,27,1670
2019-03-10T05:52:29.000Z,54.895162,25.24355,27,1840
2019-03-10T05:52:34.000Z,54.895282,25.243882,27,1910
2019-03-10T05:52:40.000Z,54.895463,25.244347,27,2010
2019-03-10T05:52:47.000Z,54.895628,25.244747,27,2090
2019-03-10T05:52:53.000Z,54.895797,25.245137,27,2120
2019-03-10T05:52:58.000Z,54.895965,25.245528,27,2150
2019-03-10T05:53:04.000Z,54.896132,25.245922,27,2180
2019-03-10T05:53:11.000Z,54.896303,25.246315,27,2160
2019-03-10T05:53:17.000Z,54.896478,25.246708,27,2170
2019-03-10T05:53:22.000Z,54.89665,25.247098,27,2190
2019-03-10T05:53:34.000Z,54.896972,25.247807,26,1930
2019-03-10T05:53:40.000Z,54.897172,25.248257,26,1940
2019-03-10T05:53:53.000Z,54.897512,25.24904,27,2190
2019-03-10T05:54:04.000Z,54.89785300000001,25.24982,27,2180
2019-03-10T05:54:10.000Z,54.898028,25.25021,27,2150
2019-03-10T05:54:17.000Z,54.898203,25.250602,27,2140
2019-03-10T05:54:22.000Z,54.898375,25.250993,27,2160
2019-03-10T05:54:28.000Z,54.898545,25.251385,27,2150
2019-03-10T05:54:34.000Z,54.898685,25.251713,27,2140
2019-03-10T05:54:53.000Z,54.899197,25.252945,26,2030
2019-03-10T05:55:04.000Z,54.899527,25.253722,27,2160
2019-03-10T05:55:17.000Z,54.899888,25.25449,27,2280
2019-03-10T05:55:22.000Z,54.900075,25.254872,27,2350
2019-03-10T05:55:40.000Z,54.900622,25.256035,27,2300
2019-03-10T05:55:47.000Z,54.90081,25.256417000000006,27,2330
2019-03-10T05:55:53.000Z,54.90099300000001,25.256798,26,2250
2019-03-10T05:55:58.000Z,54.901178,25.257177,26,2220
2019-03-10T05:56:04.000Z,54.90136500000001,25.257555,26,2210
2019-03-10T05:56:10.000Z,54.901553,25.257933,26,2260
2019-03-10T05:56:17.000Z,54.901747,25.258313,26,2270
2019-03-10T05:56:48.000Z,54.90270699999999,25.260232,27,2530
2019-03-10T05:56:54.000Z,54.9029,25.260612,27,2590
2019-03-10T05:56:59.000Z,54.903098,25.260988,27,2660
2019-03-10T05:57:10.000Z,54.903522,25.261733,27,2770
2019-03-10T05:57:17.000Z,54.903738,25.2621,27,2800
2019-03-10T05:57:22.000Z,54.90396,25.262467,27,2870
2019-03-10T05:57:34.000Z,54.904398,25.2632,27,2860
2019-03-10T05:57:47.000Z,54.904828,25.263942,27,2840
2019-03-10T05:57:53.000Z,54.905045,25.264317,27,2840
2019-03-10T05:57:58.000Z,54.90526,25.264692,27,2800
2019-03-10T05:58:10.000Z,54.9057,25.265423,27,2850
2019-03-10T05:58:16.000Z,54.905885,25.265725,27,2820
2019-03-10T05:58:22.000Z,54.906145,25.266143,27,2840
2019-03-10T05:58:28.000Z,54.906363,25.2665,27,2880
2019-03-10T05:58:34.000Z,54.906577,25.266855,27,2860
2019-03-10T05:58:40.000Z,54.90679,25.267208,27,2850
2019-03-10T05:58:47.000Z,54.907003,25.267567,27,2840
2019-03-10T05:58:53.000Z,54.90721800000001,25.267925,25,2410
2019-03-10T05:58:58.000Z,54.90743199999999,25.268283,25,2460
2019-03-10T05:59:04.000Z,54.907642,25.268638,25,2480
2019-03-10T05:59:10.000Z,54.907852,25.268995,27,2780
2019-03-10T05:59:17.000Z,54.908062,25.26935,27,2810
2019-03-10T05:59:23.000Z,54.90827,25.269708,27,2790
2019-03-10T05:59:28.000Z,54.90848,25.27007,26,2780
2019-03-10T05:59:34.000Z,54.90848,25.27007,26,2780
2019-03-10T05:59:34.000Z,54.90848,25.27007,26,2780
2019-03-10T05:59:41.000Z,54.908885,25.27079,26,2760
2019-03-10T05:59:47.000Z,54.90909,25.271147,26,2770
2019-03-10T05:59:53.000Z,54.909297,25.271502,26,2800
2019-03-10T05:59:58.000Z,54.9095,25.271857,26,2820
2019-03-10T06:00:04.000Z,54.909708,25.272213,26,2810
2019-03-10T06:00:16.000Z,54.91014200000001,25.272923,25,2560
2019-03-10T06:00:23.000Z,54.910357,25.273275,25,2540
2019-03-10T06:00:28.000Z,54.91056700000001,25.273627,26,2840
2019-03-10T06:00:34.000Z,54.910778,25.27398,26,2820
2019-03-10T06:00:40.000Z,54.910987,25.274335,26,2810
2019-03-10T06:00:47.000Z,54.91119499999999,25.274693,26,2800
2019-03-10T06:00:52.000Z,54.9114,25.275055,26,2790
2019-03-10T06:00:58.000Z,54.911608,25.275418,26,2780
2019-03-10T06:01:04.000Z,54.911815,25.27578,26,2790
2019-03-10T06:01:16.000Z,54.91223299999999,25.276498,26,2790
2019-03-10T06:01:28.000Z,54.91265,25.277207,25,2600
2019-03-10T06:01:34.000Z,54.912857,25.27756,25,2520
2019-03-10T06:01:41.000Z,54.913063,25.27791,25,2550
2019-03-10T06:01:47.000Z,54.913273,25.27826,26,2820
2019-03-10T06:01:52.000Z,54.913448,25.278555,26,2810
2019-03-10T06:01:58.000Z,54.913695,25.278968,26,2820
2019-03-10T06:02:04.000Z,54.913902,25.279322,26,2830
2019-03-10T06:02:11.000Z,54.914105000000006,25.279677,26,2820
2019-03-10T06:02:17.000Z,54.914308,25.280027,26,2830
2019-03-10T06:02:22.000Z,54.914515,25.280377,26,2820
2019-03-10T06:02:28.000Z,54.914723,25.280727,26,2800
2019-03-10T06:02:34.000Z,54.91493000000001,25.28108,26,2820
2019-03-10T06:02:40.000Z,54.915135,25.281432,25,2450
2019-03-10T06:02:47.000Z,54.915342,25.28178,26,2830
2019-03-10T06:02:52.000Z,54.915548,25.282132,26,2830
2019-03-10T06:03:04.000Z,54.915962,25.28283,26,2860
2019-03-10T06:03:11.000Z,54.916167,25.283175,26,2860
2019-03-10T06:03:17.000Z,54.916375,25.283522,26,2820
2019-03-10T06:03:23.000Z,54.916583,25.28387,26,2830
2019-03-10T06:03:28.000Z,54.91679300000001,25.284217,26,2850
2019-03-10T06:03:34.000Z,54.917002,25.284565,26,2850
2019-03-10T06:03:41.000Z,54.917212,25.284917,26,2810
2019-03-10T06:03:46.000Z,54.917382,25.285208,26,2820
2019-03-10T06:03:53.000Z,54.917618,25.285617,26,2800
2019-03-10T06:04:05.000Z,54.918018,25.286318,25,2220
2019-03-10T06:04:11.000Z,54.918223,25.286667,26,2780
2019-03-10T06:04:16.000Z,54.91843000000001,25.287013,26,2760
2019-03-10T06:04:23.000Z,54.91863299999999,25.287358,26,2780
2019-03-10T06:04:34.000Z,54.919037,25.28805,26,2780
2019-03-10T06:04:40.000Z,54.919235,25.288395,26,2780
2019-03-10T06:04:46.000Z,54.91940200000001,25.288682,26,2810
2019-03-10T06:04:52.000Z,54.919635,25.289087,26,2800
2019-03-10T06:04:58.000Z,54.919803,25.289378,26,2770
2019-03-10T06:05:10.000Z,54.920245,25.290142000000003,26,2800
2019-03-10T06:05:16.000Z,54.920452,25.290492,26,2800
2019-03-10T06:05:23.000Z,54.920662,25.290838,26,2840
2019-03-10T06:05:34.000Z,54.921077,25.291532,25,2590
2019-03-10T06:05:52.000Z,54.921697,25.292573,26,2850
2019-03-10T06:06:05.000Z,54.922105,25.293268,26,2850
2019-03-10T06:06:11.000Z,54.922308,25.293615,26,2810
2019-03-10T06:06:17.000Z,54.922515,25.293962,25,2810
2019-03-10T06:06:28.000Z,54.922897,25.294593,26,2880
2019-03-10T06:06:34.000Z,54.92314,25.294993,25,2860
2019-03-10T06:06:41.000Z,54.923343,25.295332,25,2850
2019-03-10T06:06:52.000Z,54.923512,25.295615,24,2440
2019-03-10T06:06:52.000Z,54.923512,25.295615,24,2440
2019-03-10T06:07:16.000Z,54.92456800000001,25.297385,25,2890
2019-03-10T06:07:22.000Z,54.924775,25.297733,25,2860
2019-03-10T06:07:41.000Z,54.925397,25.298765,25,2890
2019-03-10T06:07:47.000Z,54.925565,25.299047,25,2880
2019-03-10T06:08:05.000Z,54.926198,25.300132,24,2010
2019-03-10T06:08:12.000Z,54.926385,25.30048,24,2120
2019-03-10T06:08:16.000Z,54.926568,25.300828,24,2210
2019-03-10T06:08:40.000Z,54.927262,25.30215,25,2540
2019-03-10T06:08:58.000Z,54.927805000000006,25.303202,25,2550
2019-03-10T06:09:16.000Z,54.928402,25.304322,25,2450
2019-03-10T06:09:22.000Z,54.928553,25.304615,24,2240
2019-03-10T06:09:40.000Z,54.929102,25.305735,25,2470
2019-03-10T06:09:58.000Z,54.929598,25.306735,25,2490
2019-03-10T06:10:10.000Z,54.929993,25.307488,25,2480
2019-03-10T06:10:22.000Z,54.93033199999999,25.308122,25,2570
2019-03-10T06:11:05.000Z,54.931527,25.310652,25,2270
2019-03-10T06:11:09.000Z,54.931662,25.31094,25,2310
2019-03-10T06:11:16.000Z,54.93183000000001,25.311285,25,2400
2019-03-10T06:11:23.000Z,54.932005,25.311637,25,2400
2019-03-10T06:11:34.000Z,54.932378,25.312405,25,2280
2019-03-10T06:11:48.000Z,54.932752,25.313243,25,2110
2019-03-10T06:11:53.000Z,54.932853,25.313482,25,2070
2019-03-10T06:11:58.000Z,54.93298000000001,25.31378,25,2070
2019-03-10T06:12:09.000Z,54.933275,25.314503,25,2030
2019-03-10T06:12:38.000Z,54.933987,25.316227,25,2030
2019-03-10T06:12:48.000Z,54.934228,25.316827,25,2010
2019-03-10T06:12:58.000Z,54.934463,25.317427,25,1980
2019-03-10T06:13:38.000Z,54.9354,25.319847,24,1660
2019-03-10T06:13:48.000Z,54.935635,25.320447,25,1950
2019-03-10T06:13:58.000Z,54.935847,25.32099,25,1960
2019-03-10T06:14:10.000Z,54.93610699999999,25.321658,25,1970
2019-03-10T06:14:28.000Z,54.936562,25.322812,25,1990
2019-03-10T06:14:48.000Z,54.937077,25.324092,24,1610
2019-03-10T06:15:09.000Z,54.93759300000001,25.325362,25,2010
2019-03-10T06:15:17.000Z,54.937792,25.32585,25,2030
2019-03-10T06:15:48.000Z,54.938582,25.327737,25,2090
2019-03-10T06:16:09.000Z,54.939063,25.328938,24,1330
2019-03-10T06:16:19.000Z,54.939305,25.329548000000006,25,1970
2019-03-10T06:16:28.000Z,54.939522,25.330108,25,1970
2019-03-10T06:16:40.000Z,54.93981,25.330842,25,1970
2019-03-10T06:16:49.000Z,54.94003000000001,25.331393,25,1990
2019-03-10T06:17:03.000Z,54.940373,25.33225,25,2000
2019-03-10T06:17:08.000Z,54.94051999999999,25.332612,25,1980
2019-03-10T06:17:14.000Z,54.940663,25.332972,25,1990
2019-03-10T06:17:27.000Z,54.940977,25.333757,24,1800
2019-03-10T06:17:35.000Z,54.9411,25.334063,25,2030
2019-03-10T06:18:28.000Z,54.942388,25.337297,25,2000
2019-03-10T06:18:34.000Z,54.94256,25.337727,25,2000
2019-03-10T06:18:39.000Z,54.94271,25.338102,26,2010
2019-03-10T06:18:45.000Z,54.942862,25.338477,26,2020
2019-03-10T06:18:51.000Z,54.94299,25.338792,25,1760
2019-03-10T06:18:57.000Z,54.943167,25.339235,25,1750
2019-03-10T06:19:08.000Z,54.94346700000001,25.339983,26,2060
2019-03-10T06:19:15.000Z,54.94362,25.340352,25,2070
2019-03-10T06:19:21.000Z,54.943773,25.34072,26,2090
2019-03-10T06:19:57.000Z,54.944738,25.342955,26,2160
2019-03-10T06:20:09.000Z,54.945063,25.34369,26,2120
2019-03-10T06:20:22.000Z,54.945382,25.344408,25,1730
2019-03-10T06:20:33.000Z,54.94569300000001,25.345133,26,2130
2019-03-10T06:20:39.000Z,54.945848,25.3455,26,2120
2019-03-10T06:20:45.000Z,54.946002,25.345868,26,2090
2019-03-10T06:20:50.000Z,54.94613,25.346177,26,2100
2019-03-10T06:20:58.000Z,54.94631,25.346603,26,2100
2019-03-10T06:21:03.000Z,54.94646700000001,25.34697,26,2100
2019-03-10T06:21:15.000Z,54.946765,25.347702,26,2080
2019-03-10T06:21:21.000Z,54.946913,25.348077,26,2070
2019-03-10T06:21:33.000Z,54.947212,25.34883,25,1710
2019-03-10T06:21:39.000Z,54.94736500000001,25.349207,25,1690
2019-03-10T06:21:57.000Z,54.94781800000001,25.350332,26,2000
2019-03-10T06:22:08.000Z,54.948092,25.35101,26,1990
2019-03-10T06:22:15.000Z,54.948258,25.351442,26,2020
2019-03-10T06:22:23.000Z,54.94840500000001,25.351815,26,2020
2019-03-10T06:22:33.000Z,54.948708,25.35257,26,2040
2019-03-10T06:22:50.000Z,54.949165,25.353667,25,1790
2019-03-10T06:23:33.000Z,54.950287,25.356287,26,2210
2019-03-10T06:23:57.000Z,54.950962,25.357767000000006,26,2240
2019-03-10T06:24:08.000Z,54.951267,25.358443,26,2240
2019-03-10T06:24:32.000Z,54.951973,25.359973,26,2260
2019-03-10T06:24:50.000Z,54.95248,25.361052,26,2280
2019-03-10T06:25:02.000Z,54.952792,25.361718,26,2280
2019-03-10T06:25:28.000Z,54.953545,25.363322,25,1810
2019-03-10T06:25:32.000Z,54.95368199999999,25.363628,25,1800
2019-03-10T06:25:44.000Z,54.953983,25.364308,25,1800
2019-03-10T06:26:38.000Z,54.955452,25.367693,26,2060
2019-03-10T06:27:27.000Z,54.956645,25.370673,26,1970
2019-03-10T06:29:14.000Z,54.959437,25.377278,26,2170
2019-03-10T06:29:32.000Z,54.959948,25.378442,25,1840
2019-03-10T06:29:46.000Z,54.960263,25.379177,26,2140
2019-03-10T06:30:32.000Z,54.961505,25.382128,25,2110
2019-03-10T06:31:21.000Z,54.962688,25.385048,25,2180
2019-03-10T06:32:03.000Z,54.963987,25.38752,25,2820
2019-03-10T06:33:14.000Z,54.966545,25.391633,26,3010
2019-03-10T06:33:31.000Z,54.966985,25.392298,26,3070
2019-03-10T06:34:09.000Z,54.968465,25.394712,25,2700
2019-03-10T06:34:39.000Z,54.969403,25.396458,25,2520
2019-03-10T06:34:39.000Z,54.969403,25.396458,25,2520
2019-03-10T06:37:47.000Z,54.975105000000006,25.407442,25,2410
2019-03-10T06:37:51.000Z,54.975105000000006,25.407442,25,2410
2019-03-10T06:37:51.000Z,54.975105000000006,25.407442,25,2410
2019-03-10T06:38:09.000Z,54.975725,25.408822,25,2070
2019-03-10T06:40:46.000Z,54.979158,25.418282,25,1810
2019-03-10T06:41:35.000Z,54.98018199999999,25.421217,24,1430
2019-03-10T06:41:35.000Z,54.98018199999999,25.421217,24,1430
2019-03-10T06:49:59.000Z,54.99184,25.452587,25,1950
2019-03-10T06:49:59.000Z,54.99184,25.452587,25,1950
2019-03-10T06:56:39.000Z,55.001387,25.476533,24,2280
2019-03-10T06:56:39.000Z,55.001387,25.476533,24,2280
2019-03-10T06:56:49.000Z,55.001627,25.477093,24,2270
2019-03-10T06:56:49.000Z,55.001627,25.477093,24,2270
2019-03-10T06:58:37.000Z,55.00447800000001,25.482608,23,2640
2019-03-10T06:59:29.000Z,55.005968,25.485248,23,2840
2019-03-10T07:25:37.000Z,55.072475,25.556955,22,4640
2019-03-10T07:34:27.000Z,55.098763,25.578472,23,4920
2019-03-10T07:49:39.000Z,55.142117000000006,25.612858,23,4870
2019-03-10T07:51:08.000Z,55.148605,25.617838,23,5100
2019-03-10T08:05:05.000Z,55.190275,25.650442,23,4900
2019-03-10T08:17:19.000Z,55.225303,25.67952,23,4760
2019-03-10T08:20:17.000Z,55.233865,25.686593,23,4850
2019-03-10T08:42:28.000Z,55.29964,25.737583,23,4870
2019-03-10T08:52:15.000Z,55.328247,25.760545,23,4850
2019-03-10T09:08:47.000Z,55.375672,25.799357,23,4840
2019-03-10T09:24:25.000Z,55.419452,25.837303,22,4050
2019-03-10T09:39:18.000Z,55.462838,25.87018,21,4630
2019-03-10T09:39:35.000Z,55.463763,25.870858,22,5170
2019-03-10T09:56:46.000Z,55.509393,25.911703,22,4570
2019-03-10T10:04:38.000Z,55.529692,25.930195,22,4490
2019-03-10T10:15:56.000Z,55.559813,25.956097,22,4710
2019-03-10T10:30:57.000Z,55.600548,25.990097,22,4810
2019-03-10T10:56:38.000Z,55.672347,26.048992,22,4120
2019-03-10T11:12:46.000Z,55.717457,26.087942,21,4190
2019-03-10T11:12:46.000Z,55.717457,26.087942,21,4190
2019-03-10T11:16:46.000Z,55.728605,26.097638,22,4670
2019-03-10T11:17:46.000Z,55.731425,26.09995,22,4810
2019-03-10T11:17:46.000Z,55.731425,26.09995,22,4810
2019-03-10T11:21:48.000Z,55.743182,26.10883,23,4980
2019-03-10T11:23:07.000Z,55.74715500000001,26.111942000000006,23,4900
2019-03-10T11:25:45.000Z,55.75496700000001,26.117992,23,5030
2019-03-10T11:25:45.000Z,55.75496700000001,26.117992,23,5030
2019-03-10T11:32:26.000Z,55.774947,26.132925,23,5090
2019-03-10T11:32:26.000Z,55.774947,26.132925,23,5090
2019-03-10T11:40:06.000Z,55.798153000000006,26.150012,23,5150
2019-03-10T11:41:07.000Z,55.80123199999999,26.152227,23,5210
2019-03-10T11:42:28.000Z,55.805415,26.155127,23,5230
2019-03-10T11:43:16.000Z,55.807898,26.15689,22,4730
2019-03-10T11:43:27.000Z,55.80850699999999,26.157327,23,5200
2019-03-10T11:45:47.000Z,55.81561800000001,26.162382,23,5160
2019-03-10T11:46:07.000Z,55.81658,26.163072,22,4810
2019-03-10T11:46:27.000Z,55.817683,26.163872,23,5190
2019-03-10T11:47:28.000Z,55.82074,26.166047,22,5110
2019-03-10T11:47:48.000Z,55.82167,26.16668,23,5240
2019-03-10T11:49:06.000Z,55.825832,26.169608,23,5230
2019-03-10T11:49:27.000Z,55.826925,26.170355,23,5200
2019-03-10T11:49:46.000Z,55.827898,26.171042,22,4850
2019-03-10T11:50:28.000Z,55.83002,26.172557,23,5210
2019-03-10T11:50:36.000Z,55.83048,26.172885,23,5220
2019-03-10T11:50:46.000Z,55.830985,26.173243,23,5230
2019-03-10T11:51:28.000Z,55.833077,26.17469,23,5250
2019-03-10T11:51:36.000Z,55.833537,26.175007,23,5270
2019-03-10T11:52:07.000Z,55.835092,26.17608,23,5290
2019-03-10T11:52:16.000Z,55.835603000000006,26.176437,23,5310
2019-03-10T11:53:27.000Z,55.839285,26.178927,23,5320
2019-03-10T11:54:06.000Z,55.841287,26.180302,22,5010
2019-03-10T11:54:28.000Z,55.84242800000001,26.18108,23,5320
2019-03-10T11:54:36.000Z,55.84285500000001,26.181365,23,5330
2019-03-10T11:54:47.000Z,55.84345,26.181763,23,5330
2019-03-10T11:54:47.000Z,55.84345,26.181763,23,5330
2019-03-10T12:13:20.000Z,55.902858,26.221412,24,5410
2019-03-10T12:39:48.000Z,55.991055,26.276862,24,5610
2019-03-10T13:05:40.000Z,56.081692,26.332453000000005,25,5600
2019-03-10T13:31:16.000Z,56.174232,26.390745000000006,26,5440
2019-03-10T13:56:33.000Z,56.26450500000001,26.44916,25,5250
2019-03-10T15:38:52.000Z,56.61425300000001,26.46824,24,15270
2019-03-10T16:11:03.000Z,56.665258,26.356763,25,17260
2019-03-10T17:53:46.000Z,56.69631999999999,25.979653,23,17050
2019-03-10T17:53:46.000Z,56.69631999999999,25.979653,23,17050
2019-03-10T18:16:33.000Z,56.710553,25.899383,23,17130
2019-03-10T18:16:33.000Z,56.710553,25.899383,23,17130
2019-03-10T19:09:22.000Z,56.74888000000001,25.71672,23,16820
2019-03-10T19:09:22.000Z,56.74888000000001,25.71672,23,16820
2019-03-10T19:36:25.000Z,56.774917,25.630388,22,15770
2019-03-10T19:57:29.000Z,56.812215,25.566878,23,14730
2019-03-10T20:10:13.000Z,56.84029,25.526167,24,14880
2019-03-10T20:10:13.000Z,56.84029,25.526167,24,14880
2019-03-10T20:26:52.000Z,56.87465,25.474232,22,14530
2019-03-10T20:26:52.000Z,56.87465,25.474232,22,14530
2019-03-10T20:53:14.000Z,56.93414,25.39321,24,14610
2019-03-10T20:53:14.000Z,56.93414,25.39321,24,14610
2019-03-10T22:01:25.000Z,57.113627,25.211813,24,10820
2019-03-10T22:01:25.000Z,57.113627,25.211813,24,10820
2019-03-11T01:57:12.000Z,58.02585300000001,24.960578,24,10810
2019-03-11T02:12:23.000Z,58.083938,24.943233,24,10810
2019-03-11T02:27:42.000Z,58.143168,24.925885,24,10760
2019-03-11T02:43:52.000Z,58.205937,24.909102,24,10560
2019-03-11T03:01:22.000Z,58.274312,24.89192,24,10510
2019-03-11T05:54:55.000Z,58.987813,24.73024,35,10430
2019-03-11T06:55:49.000Z,59.296827,24.651093,26,10550
2019-03-11T06:55:49.000Z,59.296827,24.651093,26,10550
2019-03-11T10:06:35.000Z,60.06191999999999,24.50176,24,9130
2019-03-11T10:06:35.000Z,60.06191999999999,24.50176,24,9130
