timestamp,longitude,latitude,speed,direction
2019-03-01T03:45:15.000Z,55.053833,24.984465,0,22810
2019-03-01T03:51:15.000Z,55.053918,24.984357,0,22810
2019-03-01T03:51:15.000Z,55.053918,24.984357,0,22810
2019-03-01T03:57:13.000Z,55.053983,24.98435,0,22810
2019-03-01T03:57:13.000Z,55.053983,24.98435,0,22810
2019-03-01T04:00:11.000Z,55.05395,24.984368,0,22810
2019-03-01T04:03:12.000Z,55.054002,24.984328,0,22810
2019-03-01T04:03:12.000Z,55.054002,24.984328,0,22810
2019-03-01T04:06:13.000Z,55.053992,24.984333,0,22810
2019-03-01T04:06:13.000Z,55.053992,24.984333,0,22810
2019-03-01T04:12:11.000Z,55.05396500000001,24.984362,0,22810
2019-03-01T04:12:11.000Z,55.05396500000001,24.984362,0,22810
2019-03-01T04:15:14.000Z,55.053953,24.984387,0,22810
2019-03-01T04:15:14.000Z,55.053953,24.984387,0,22810
2019-03-01T04:21:14.000Z,55.053973,24.984338,0,22810
2019-03-01T04:21:14.000Z,55.053973,24.984338,0,22810
2019-03-01T04:27:15.000Z,55.053987,24.984338,0,22810
2019-03-01T04:27:15.000Z,55.053987,24.984338,0,22810
2019-03-01T04:33:14.000Z,55.05396800000001,24.984367,0,22810
2019-03-01T04:33:14.000Z,55.05396800000001,24.984367,0,22810
2019-03-01T04:36:15.000Z,55.053987,24.984363,0,22810
2019-03-01T04:36:15.000Z,55.053987,24.984363,0,22810
2019-03-01T04:42:14.000Z,55.05395,24.984375,0,22810
2019-03-01T04:45:15.000Z,55.053972,24.984345,0,22810
2019-03-01T04:45:15.000Z,55.053972,24.984345,0,22810
2019-03-01T04:51:15.000Z,55.05398,24.984333,0,22810
2019-03-01T04:51:15.000Z,55.05398,24.984333,0,22810
2019-03-01T04:57:14.000Z,55.053992,24.984313,0,22810
2019-03-01T04:57:14.000Z,55.053992,24.984313,0,22810
2019-03-01T05:03:08.000Z,55.05398,24.984343,0,22810
2019-03-01T05:03:08.000Z,55.05398,24.984343,0,22810
2019-03-01T05:06:14.000Z,55.053998,24.984312,0,22810
2019-03-01T05:06:14.000Z,55.053998,24.984312,0,22810
2019-03-01T05:12:15.000Z,55.054028,24.984285,0,22810
2019-03-01T05:12:15.000Z,55.054028,24.984285,0,22810
2019-03-01T05:18:14.000Z,55.053973,24.984372,0,22810
2019-03-01T05:18:14.000Z,55.053973,24.984372,0,22810
2019-03-01T05:24:15.000Z,55.053992,24.984285,0,22810
2019-03-01T05:24:15.000Z,55.053992,24.984285,0,22810
2019-03-01T05:27:14.000Z,55.05390300000001,24.984477,0,22810
2019-03-01T05:30:16.000Z,55.05395,24.984312,0,22810
2019-03-01T05:30:16.000Z,55.05395,24.984312,0,22810
2019-03-01T05:36:15.000Z,55.05398,24.984317,0,22810
2019-03-01T05:36:15.000Z,55.05398,24.984317,0,22810
2019-03-01T05:42:16.000Z,55.053987,24.984318,0,22810
2019-03-01T05:42:16.000Z,55.053987,24.984318,0,22810
2019-03-01T05:48:14.000Z,55.05396800000001,24.984348,0,22810
2019-03-01T05:48:14.000Z,55.05396800000001,24.984348,0,22810
2019-03-01T05:54:16.000Z,55.053962,24.984332,0,22810
2019-03-01T05:54:16.000Z,55.053962,24.984332,0,22810
2019-03-01T05:57:12.000Z,55.05396700000001,24.984328,0,22810
2019-03-01T06:00:18.000Z,55.053977,24.984333,0,22810
2019-03-01T06:00:18.000Z,55.053977,24.984333,0,22810
2019-03-01T06:06:16.000Z,55.05396800000001,24.984325,0,22810
2019-03-01T06:06:16.000Z,55.05396800000001,24.984325,0,22810
2019-03-01T06:12:14.000Z,55.053973,24.984337,0,22810
2019-03-01T06:12:14.000Z,55.053973,24.984337,0,22810
2019-03-01T06:15:15.000Z,55.053942000000006,24.984348,0,22810
2019-03-01T06:15:15.000Z,55.053942000000006,24.984348,0,22810
2019-03-01T06:21:14.000Z,55.053972,24.984345,0,22810
2019-03-01T06:21:14.000Z,55.053972,24.984345,0,22810
2019-03-01T06:24:16.000Z,55.05396,24.984372,0,22810
2019-03-01T06:27:15.000Z,55.053973,24.984342,0,22810
2019-03-01T06:27:15.000Z,55.053973,24.984342,0,22810
2019-03-01T06:33:14.000Z,55.054003,24.98432,0,22810
2019-03-01T06:33:14.000Z,55.054003,24.98432,0,22810
2019-03-01T06:39:14.000Z,55.053958,24.984335,0,22810
2019-03-01T06:39:14.000Z,55.053958,24.984335,0,22810
2019-03-01T06:45:12.000Z,55.053983,24.984345,0,22810
2019-03-01T06:45:12.000Z,55.053983,24.984345,0,22810
2019-03-01T06:51:13.000Z,55.054017,24.98432,0,22810
2019-03-01T06:51:13.000Z,55.054017,24.98432,0,22810
2019-03-01T06:54:12.000Z,55.053987,24.984363,0,22810
2019-03-01T06:57:12.000Z,55.053975,24.984348,0,22810
2019-03-01T06:57:12.000Z,55.053975,24.984348,0,22810
2019-03-01T07:00:13.000Z,55.05396700000001,24.984302,0,22810
2019-03-01T07:00:13.000Z,55.05396700000001,24.984302,0,22810
2019-03-01T07:06:14.000Z,55.053975,24.984363,0,22810
2019-03-01T07:09:15.000Z,55.053973,24.984338,0,22810
2019-03-01T07:09:15.000Z,55.053973,24.984338,0,22810
2019-03-01T07:15:14.000Z,55.054022,24.984315,0,22810
2019-03-01T07:15:14.000Z,55.054022,24.984315,0,22810
2019-03-01T07:21:15.000Z,55.05398,24.984357,0,22810
2019-03-01T07:21:15.000Z,55.05398,24.984357,0,22810
2019-03-01T07:27:17.000Z,55.05441800000001,24.984417,0,9870
2019-03-01T07:27:17.000Z,55.05441800000001,24.984417,0,9870
2019-03-01T07:30:12.000Z,55.055052,24.98428,0,10270
2019-03-01T07:31:47.000Z,55.055552,24.984195,0,10190
2019-03-01T07:32:39.000Z,55.05584200000001,24.984147,0,10040
2019-03-01T07:33:18.000Z,55.056048,24.984155,0,9040
2019-03-01T07:34:11.000Z,55.056292000000006,24.984205,0,8010
2019-03-01T07:35:39.000Z,55.056525,24.984168,0,12070
2019-03-01T07:36:57.000Z,55.056727,24.984217,0,5710
2019-03-01T07:37:38.000Z,55.056702,24.984447,0,35740
2019-03-01T07:38:07.000Z,55.056587,24.984663,0,33960
2019-03-01T07:38:27.000Z,55.056503,24.984885,0,34050
2019-03-01T07:38:48.000Z,55.056397,24.985132,0,33950
2019-03-01T07:39:09.000Z,55.05626,24.985428,0,33860
2019-03-01T07:39:27.000Z,55.056125,24.985703,0,33710
2019-03-01T07:39:38.000Z,55.056037,24.985902,0,33600
2019-03-01T07:39:57.000Z,55.055907,24.986223000000006,0,33510
2019-03-01T07:40:08.000Z,55.055795,24.986435,0,33490
2019-03-01T07:40:19.000Z,55.055702,24.986622,0,33480
2019-03-01T07:40:28.000Z,55.05560500000001,24.986802,0,33440
2019-03-01T07:40:38.000Z,55.055485,24.98703,0,33450
2019-03-01T07:40:48.000Z,55.055377,24.987223,0,33440
2019-03-01T07:40:57.000Z,55.05526,24.98744,0,33490
2019-03-01T07:41:08.000Z,55.055103,24.987723000000006,0,33440
2019-03-01T07:41:19.000Z,55.05498000000001,24.987957,0,33340
2019-03-01T07:41:28.000Z,55.05484300000001,24.988168,0,33340
2019-03-01T07:41:38.000Z,55.054692,24.98844,0,33440
2019-03-01T07:41:48.000Z,55.054577,24.988668,0,33490
2019-03-01T07:41:57.000Z,55.054462,24.988902,0,33560
2019-03-01T07:42:08.000Z,55.05429300000001,24.989217,0,33520
2019-03-01T07:42:19.000Z,55.05416,24.989492,0,33540
2019-03-01T07:42:28.000Z,55.05404,24.989745000000006,0,33560
2019-03-01T07:42:38.000Z,55.053893,24.990065,0,33620
2019-03-01T07:42:48.000Z,55.053772,24.990337,0,33620
2019-03-01T07:42:57.000Z,55.053657,24.990613,0,33670
2019-03-01T07:43:08.000Z,55.053495,24.990975,0,33690
2019-03-01T07:43:18.000Z,55.053357,24.991245000000006,0,33640
2019-03-01T07:43:28.000Z,55.05320500000001,24.99155,0,33630
2019-03-01T07:43:38.000Z,55.05303000000001,24.991893,0,33590
2019-03-01T07:43:49.000Z,55.0529,24.992178,0,33630
2019-03-01T07:43:57.000Z,55.052758,24.992465,0,33590
2019-03-01T07:44:09.000Z,55.052562,24.992847,0,33540
2019-03-01T07:44:28.000Z,55.052233,24.993462,0,33460
2019-03-01T07:44:38.000Z,55.052057,24.993835,0,33560
2019-03-01T07:44:47.000Z,55.051908,24.994142,0,33580
2019-03-01T07:44:58.000Z,55.051765,24.99449,0,33720
2019-03-01T07:45:09.000Z,55.05159,24.994865,0,33770
2019-03-01T07:45:18.000Z,55.05145699999999,24.995183,0,33820
2019-03-01T07:45:28.000Z,55.051298,24.995538,0,33800
2019-03-01T07:45:38.000Z,55.051122,24.995935,0,33830
2019-03-01T07:45:47.000Z,55.050983,24.99626,0,33830
2019-03-01T07:45:58.000Z,55.050837,24.996628,0,33900
2019-03-01T07:46:08.000Z,55.05067,24.997032,0,33920
2019-03-01T07:46:18.000Z,55.05053,24.997362,0,33880
2019-03-01T07:46:28.000Z,55.05038,24.997733,0,33910
2019-03-01T07:46:38.000Z,55.05020699999999,24.998133,0,33890
2019-03-01T07:46:47.000Z,55.050072,24.99847,0,33920
2019-03-01T07:46:58.000Z,55.04991500000001,24.998848,0,33930
2019-03-01T07:47:08.000Z,55.049772,24.999233,0,33990
2019-03-01T07:47:28.000Z,55.049492,25.000007,0,34110
2019-03-01T07:47:38.000Z,55.049335,25.000425,0,34110
2019-03-01T07:47:47.000Z,55.049202,25.000770000000006,0,34100
2019-03-01T07:47:58.000Z,55.04906,25.001162,0,34130
2019-03-01T07:48:08.000Z,55.048922,25.001553,0,34160
2019-03-01T07:48:18.000Z,55.048793,25.00195,0,34210
2019-03-01T07:48:27.000Z,55.04866,25.002303,0,34180
2019-03-01T07:48:38.000Z,55.048472,25.002773,0,34080
2019-03-01T07:48:47.000Z,55.04832800000001,25.003128,0,34060
2019-03-01T07:48:58.000Z,55.048145,25.003565,0,34000
2019-03-01T07:49:08.000Z,55.04799499999999,25.003927,0,33990
2019-03-01T07:49:18.000Z,55.04781800000001,25.00433,0,33930
2019-03-01T07:49:27.000Z,55.047675,25.004695,0,33950
2019-03-01T07:49:38.000Z,55.04747800000001,25.005178,0,33960
2019-03-01T07:49:48.000Z,55.047333,25.005545,0,33970
2019-03-01T07:49:58.000Z,55.047147,25.005997,0,33960
2019-03-01T07:50:08.000Z,55.04699300000001,25.006365,0,33940
2019-03-01T07:50:18.000Z,55.046827,25.006778,0,33940
2019-03-01T07:50:27.000Z,55.04667,25.007152,0,33920
2019-03-01T07:50:38.000Z,55.046468,25.00765,0,33950
2019-03-01T07:50:48.000Z,55.04631,25.008027,0,33950
2019-03-01T07:50:58.000Z,55.046123,25.008487,0,33960
2019-03-01T07:51:08.000Z,55.045968,25.008863,0,33950
2019-03-01T07:51:18.000Z,55.045798,25.009282,0,33950
2019-03-01T07:51:27.000Z,55.045635,25.009662,0,33940
2019-03-01T07:51:38.000Z,55.04543,25.01017,0,33960
2019-03-01T07:51:48.000Z,55.04528000000001,25.01055,0,33980
2019-03-01T07:51:58.000Z,55.045095,25.011018,0,33970
2019-03-01T07:52:08.000Z,55.044932,25.011405,0,33960
2019-03-01T07:52:18.000Z,55.044743,25.011843,0,33950
2019-03-01T07:52:27.000Z,55.044583,25.012233,0,33970
2019-03-01T07:52:48.000Z,55.04422,25.013138,0,33960
2019-03-01T07:52:58.000Z,55.044015,25.013607,0,33900
2019-03-01T07:53:08.000Z,55.043852,25.013988,0,33900
2019-03-01T07:53:18.000Z,55.043675,25.014418,0,33920
2019-03-01T07:53:27.000Z,55.04352700000001,25.014807,0,33980
2019-03-01T07:53:48.000Z,55.04317800000001,25.015718,0,34050
2019-03-01T07:53:58.000Z,55.042997,25.016195,0,34060
2019-03-01T07:54:08.000Z,55.042847,25.016583,0,34060
2019-03-01T07:54:18.000Z,55.042687,25.01702,0,34080
2019-03-01T07:54:27.000Z,55.04254200000001,25.017412,0,34110
2019-03-01T07:54:39.000Z,55.04235300000001,25.017935,0,34130
2019-03-01T07:54:48.000Z,55.042205,25.018322,0,34110
2019-03-01T07:54:58.000Z,55.042023,25.018802,0,34090
2019-03-01T07:55:08.000Z,55.041873,25.019188,0,34070
2019-03-01T07:55:19.000Z,55.04169,25.01966,0,34060
2019-03-01T07:55:27.000Z,55.041558,25.020007,0,34050
2019-03-01T07:55:37.000Z,55.041375,25.020478,0,34060
2019-03-01T07:55:48.000Z,55.041212,25.020912,0,34060
2019-03-01T07:55:58.000Z,55.04104,25.021387,0,34100
2019-03-01T07:56:08.000Z,55.0409,25.021778,0,34130
2019-03-01T07:56:19.000Z,55.04071800000001,25.022265,0,34120
2019-03-01T07:56:27.000Z,55.040573,25.022663,0,34120
2019-03-01T07:56:37.000Z,55.040415,25.023102,0,34130
2019-03-01T07:56:48.000Z,55.040248,25.023537,0,34130
2019-03-01T07:56:58.000Z,55.04006700000001,25.024022,0,34120
2019-03-01T07:57:08.000Z,55.03991800000001,25.024417,0,34130
2019-03-01T07:57:19.000Z,55.03975500000001,25.024907,0,34210
2019-03-01T07:57:27.000Z,55.03961999999999,25.025305,0,34240
2019-03-01T07:57:37.000Z,55.039475,25.025747,0,34280
2019-03-01T07:57:48.000Z,55.039303,25.02618,0,34180
2019-03-01T07:57:58.000Z,55.03906800000001,25.026638,0,33940
2019-03-01T07:58:08.000Z,55.03885699999999,25.026998000000006,0,33660
2019-03-01T07:58:19.000Z,55.038583,25.027420000000006,0,33360
2019-03-01T07:58:27.000Z,55.038365,25.027767,0,33240
2019-03-01T07:58:38.000Z,55.038128,25.028158,0,33190
2019-03-01T07:58:48.000Z,55.037903,25.028553,0,33220
2019-03-01T07:58:58.000Z,55.037648,25.028975,0,33190
2019-03-01T07:59:08.000Z,55.03742800000001,25.029317,0,33100
2019-03-01T07:59:19.000Z,55.037133,25.029715,0,32870
2019-03-01T07:59:27.000Z,55.036875,25.030028,0,32700
2019-03-01T07:59:37.000Z,55.036568,25.030377,0,32460
2019-03-01T07:59:48.000Z,55.036255,25.030725,0,32280
2019-03-01T07:59:57.000Z,55.035962,25.031027,0,32110
2019-03-01T08:00:07.000Z,55.035642,25.031373,0,32070
2019-03-01T08:00:19.000Z,55.035248,25.03179,0,32020
2019-03-01T08:00:27.000Z,55.034975,25.032067,0,31980
2019-03-01T08:00:38.000Z,55.034602,25.03247,0,31970
2019-03-01T08:00:48.000Z,55.03426700000001,25.032847,0,31990
2019-03-01T08:00:57.000Z,55.033963,25.033188,0,32030
2019-03-01T08:01:07.000Z,55.033618,25.033567,0,32030
2019-03-01T08:01:18.000Z,55.03324300000001,25.033983,0,32060
2019-03-01T08:01:27.000Z,55.032923,25.034332,0,32030
2019-03-01T08:01:37.000Z,55.03256800000001,25.034718,0,32010
2019-03-01T08:01:48.000Z,55.03216,25.035133,0,31930
2019-03-01T08:01:57.000Z,55.031828,25.035483,0,31930
2019-03-01T08:02:07.000Z,55.031455,25.035873,0,31910
2019-03-01T08:02:18.000Z,55.031037,25.036302,0,31870
2019-03-01T08:02:27.000Z,55.03069300000001,25.036652,0,31870
2019-03-01T08:02:37.000Z,55.030313,25.037055,0,31890
2019-03-01T08:02:47.000Z,55.029898,25.037507,0,31920
2019-03-01T08:02:57.000Z,55.029548,25.037867,0,31900
2019-03-01T08:03:07.000Z,55.02914000000001,25.038247,0,31760
2019-03-01T08:03:18.000Z,55.028685,25.038668,0,31690
2019-03-01T08:03:27.000Z,55.028308,25.039017,0,31630
2019-03-01T08:03:37.000Z,55.027892,25.039413,0,31620
2019-03-01T08:03:47.000Z,55.02741500000001,25.03984,0,31540
2019-03-01T08:03:57.000Z,55.027025,25.040197,0,31540
2019-03-01T08:04:07.000Z,55.026578,25.040588,0,31470
2019-03-01T08:04:18.000Z,55.026085,25.041033,0,31470
2019-03-01T08:04:27.000Z,55.025677,25.041397,0,31460
2019-03-01T08:04:37.000Z,55.025225,25.04181,0,31490
2019-03-01T08:04:47.000Z,55.024735,25.042273,0,31540
2019-03-01T08:04:57.000Z,55.024323,25.042655,0,31560
2019-03-01T08:05:07.000Z,55.02385699999999,25.04308,0,31530
2019-03-01T08:05:18.000Z,55.023323,25.043543,0,31460
2019-03-01T08:05:27.000Z,55.0229,25.043937,0,31500
2019-03-01T08:05:37.000Z,55.022418,25.044373,0,31490
2019-03-01T08:05:47.000Z,55.021887,25.044863,0,31510
2019-03-01T08:05:57.000Z,55.02144300000001,25.045262,0,31500
2019-03-01T08:06:07.000Z,55.020943,25.04571,0,31480
2019-03-01T08:06:18.000Z,55.020392,25.0462,0,31470
2019-03-01T08:06:27.000Z,55.019952,25.04662,0,31530
2019-03-01T08:06:37.000Z,55.019452,25.04708,0,31540
2019-03-01T08:06:47.000Z,55.01888,25.047578,0,31470
2019-03-01T08:06:55.000Z,55.01846800000001,25.04795,0,31470
2019-03-01T08:07:01.000Z,55.01816,25.048233,0,31480
2019-03-01T08:07:08.000Z,55.01785,25.048512,0,31470
2019-03-01T08:07:14.000Z,55.01754,25.048788,0,31460
2019-03-01T08:07:20.000Z,55.017223,25.04906,0,31430
2019-03-01T08:07:26.000Z,55.016903000000006,25.049332,0,31400
2019-03-01T08:07:32.000Z,55.016588,25.049608,0,31390
2019-03-01T08:07:37.000Z,55.016323,25.049842,0,31390
2019-03-01T08:07:44.000Z,55.015953,25.050162,0,31380
2019-03-01T08:07:48.000Z,55.015745,25.050347,0,31380
2019-03-01T08:07:55.000Z,55.015327,25.050717,0,31390
2019-03-01T08:08:02.000Z,55.015013,25.050993,0,31400
2019-03-01T08:08:08.000Z,55.014707,25.051275,0,31420
2019-03-01T08:08:14.000Z,55.0144,25.051557,0,31450
2019-03-01T08:08:20.000Z,55.01409,25.05183,0,31440
2019-03-01T08:08:26.000Z,55.013773,25.052102,0,31410
2019-03-01T08:08:32.000Z,55.013463,25.052372,0,31410
2019-03-01T08:08:37.000Z,55.013153,25.052643,0,31410
2019-03-01T08:08:44.000Z,55.012843,25.052913,0,31390
2019-03-01T08:08:49.000Z,55.01253199999999,25.053185,0,31390
2019-03-01T08:08:55.000Z,55.012223,25.053457,0,31400
2019-03-01T08:09:01.000Z,55.011917,25.053733,0,31400
2019-03-01T08:09:08.000Z,55.01161,25.05401,0,31410
2019-03-01T08:09:14.000Z,55.01130300000001,25.054285,0,31420
2019-03-01T08:09:20.000Z,55.010995,25.054555,0,31410
2019-03-01T08:09:26.000Z,55.010688,25.054823000000006,0,31420
2019-03-01T08:09:32.000Z,55.01038199999999,25.055093,0,31420
2019-03-01T08:09:37.000Z,55.01006999999999,25.055362,0,31410
2019-03-01T08:09:44.000Z,55.009758,25.05563,0,31400
2019-03-01T08:09:49.000Z,55.009447,25.0559,0,31390
2019-03-01T08:09:55.000Z,55.009135,25.056172,0,31380
2019-03-01T08:10:01.000Z,55.008822,25.056437,0,31360
2019-03-01T08:10:08.000Z,55.008508,25.056705,0,31350
2019-03-01T08:10:14.000Z,55.008197,25.056973,0,31350
2019-03-01T08:10:20.000Z,55.00789,25.057243,0,31360
2019-03-01T08:10:26.000Z,55.007583,25.057512,0,31370
2019-03-01T08:10:32.000Z,55.007282,25.057785,0,31390
2019-03-01T08:10:37.000Z,55.006982,25.05806,0,31420
2019-03-01T08:10:44.000Z,55.006683,25.058333,0,31440
2019-03-01T08:10:49.000Z,55.00637800000001,25.058608,0,31450
2019-03-01T08:10:55.000Z,55.006073,25.058875,0,31440
2019-03-01T08:11:01.000Z,55.005768,25.059145,0,31420
2019-03-01T08:11:08.000Z,55.005462,25.059412,0,31400
2019-03-01T08:11:14.000Z,55.005153,25.05968,0,31390
2019-03-01T08:11:20.000Z,55.00485,25.059947,0,31380
2019-03-01T08:11:26.000Z,55.004547,25.060217,0,31380
2019-03-01T08:11:32.000Z,55.004245,25.060482,0,31380
2019-03-01T08:11:37.000Z,55.00394,25.060748,0,31380
2019-03-01T08:11:44.000Z,55.003637,25.061017,0,31390
2019-03-01T08:11:49.000Z,55.00333000000001,25.061283,0,31390
2019-03-01T08:11:56.000Z,55.002975,25.061595,0,31380
2019-03-01T08:12:02.000Z,55.002715,25.061813,0,31360
2019-03-01T08:12:08.000Z,55.002405,25.062072,0,31340
2019-03-01T08:12:14.000Z,55.002102,25.062335,0,31340
2019-03-01T08:12:20.000Z,55.001798,25.062597,0,31350
2019-03-01T08:12:26.000Z,55.001493,25.062858,0,31350
2019-03-01T08:12:32.000Z,55.001195,25.063123,0,31380
2019-03-01T08:12:37.000Z,55.000903,25.063388,0,31410
2019-03-01T08:12:44.000Z,55.000613,25.063648,0,31420
2019-03-01T08:12:49.000Z,55.000373,25.063867,0,31430
2019-03-01T08:12:56.000Z,54.999988,25.064213,0,31440
2019-03-01T08:13:02.000Z,54.999745,25.064427,0,31440
2019-03-01T08:13:07.000Z,54.999453,25.064678,0,31420
2019-03-01T08:13:14.000Z,54.99916500000001,25.06493,0,31410
2019-03-01T08:13:20.000Z,54.998875,25.065178,0,31400
2019-03-01T08:13:26.000Z,54.998587,25.065432,0,31400
2019-03-01T08:13:30.000Z,54.998347,25.065642,0,31400
2019-03-01T08:13:38.000Z,54.998008,25.065932,0,31390
2019-03-01T08:13:41.000Z,54.997865,25.066058,0,31390
2019-03-01T08:13:44.000Z,54.997722,25.066183,0,31400
2019-03-01T08:13:49.000Z,54.997437,25.066435,0,31410
2019-03-01T08:13:56.000Z,54.99710699999999,25.066725,0,31410
2019-03-01T08:14:00.000Z,54.996965,25.066847,0,31410
2019-03-01T08:14:07.000Z,54.99659499999999,25.067182,0,31420
2019-03-01T08:14:10.000Z,54.99645699999999,25.067303,0,31420
2019-03-01T08:14:14.000Z,54.99631700000001,25.067425,0,31420
2019-03-01T08:14:20.000Z,54.99604300000001,25.067672,0,31430
2019-03-01T08:14:30.000Z,54.99554499999999,25.06813,0,31460
2019-03-01T08:14:41.000Z,54.995088,25.06854,0,31460
2019-03-01T08:14:49.000Z,54.994725,25.068865,0,31450
2019-03-01T08:15:00.000Z,54.99422,25.069303,0,31410
2019-03-01T08:15:10.000Z,54.993715,25.069737,0,31370
2019-03-01T08:15:19.000Z,54.993307,25.070097,0,31360
2019-03-01T08:15:30.000Z,54.99280699999999,25.07053,0,31350
2019-03-01T08:15:41.000Z,54.992362,25.070918,0,31360
2019-03-01T08:15:49.000Z,54.99201,25.07123,0,31370
2019-03-01T08:16:00.000Z,54.991535,25.071658,0,31400
2019-03-01T08:16:10.000Z,54.991065,25.072085,0,31440
2019-03-01T08:16:19.000Z,54.990685,25.07243,0,31450
2019-03-01T08:16:30.000Z,54.990225,25.072845,0,31450
2019-03-01T08:16:41.000Z,54.989808,25.073212,0,31430
2019-03-01T08:16:49.000Z,54.989475,25.073505,0,31410
2019-03-01T08:17:00.000Z,54.989023,25.073903,0,31390
2019-03-01T08:17:10.000Z,54.988572,25.074298,0,31390
2019-03-01T08:17:19.000Z,54.988212,25.07462,0,31400
2019-03-01T08:17:30.000Z,54.987773,25.075007,0,31410
2019-03-01T08:17:41.000Z,54.98738,25.07536,0,31420
2019-03-01T08:17:50.000Z,54.98703,25.075673,0,31420
2019-03-01T08:17:59.000Z,54.986682,25.075978,0,31410
2019-03-01T08:18:10.000Z,54.986217,25.076378,0,31400
2019-03-01T08:18:19.000Z,54.985875,25.076672,0,31380
2019-03-01T08:18:30.000Z,54.985458,25.077028,0,31370
2019-03-01T08:18:40.000Z,54.985122,25.077318,0,31360
2019-03-01T08:18:59.000Z,54.984423,25.07793,0,31350
2019-03-01T08:19:10.000Z,54.98399000000001,25.078312,0,31380
2019-03-01T08:19:19.000Z,54.98366800000001,25.078595,0,31400
2019-03-01T08:19:30.000Z,54.983285,25.078938,0,31420
2019-03-01T08:19:40.000Z,54.98297,25.079218,0,31420
2019-03-01T08:19:50.000Z,54.982623,25.079527,0,31420
2019-03-01T08:19:59.000Z,54.98231,25.079803,0,31410
2019-03-01T08:20:10.000Z,54.981897,25.080167000000007,0,31410
2019-03-01T08:20:19.000Z,54.981593,25.080437,0,31420
2019-03-01T08:20:30.000Z,54.98121999999999,25.080763,0,31410
2019-03-01T08:20:50.000Z,54.980583,25.081338,0,31440
2019-03-01T08:20:59.000Z,54.98028299999999,25.081608,0,31440
2019-03-01T08:21:10.000Z,54.97991999999999,25.08193,0,31440
2019-03-01T08:21:19.000Z,54.979595,25.082217,0,31420
2019-03-01T08:21:30.000Z,54.97926800000001,25.0825,0,31400
2019-03-01T08:21:40.000Z,54.978945,25.08278,0,31390
2019-03-01T08:21:50.000Z,54.978627,25.083062,0,31400
2019-03-01T08:21:59.000Z,54.97834200000001,25.083313,0,31390
2019-03-01T08:22:10.000Z,54.97799300000001,25.08362,0,31380
2019-03-01T08:22:19.000Z,54.977673,25.083893,0,31370
2019-03-01T08:22:30.000Z,54.977362,25.08417,0,31380
2019-03-01T08:22:40.000Z,54.97705300000001,25.084445,0,31400
2019-03-01T08:22:51.000Z,54.97671999999999,25.084748,0,31470
2019-03-01T08:22:59.000Z,54.976482,25.084968,0,31500
2019-03-01T08:23:10.000Z,54.97615699999999,25.08527,0,31520
2019-03-01T08:23:20.000Z,54.975827,25.085567,0,31500
2019-03-01T08:23:30.000Z,54.975557,25.085813,0,31500
2019-03-01T08:23:39.000Z,54.975258,25.08608,0,31470
2019-03-01T08:23:51.000Z,54.97492800000001,25.086368,0,31430
2019-03-01T08:23:59.000Z,54.974693,25.086583,0,31440
2019-03-01T08:24:10.000Z,54.97436999999999,25.086872,0,31430
2019-03-01T08:24:20.000Z,54.97405,25.087162,0,31440
2019-03-01T08:24:30.000Z,54.97379,25.087397,0,31440
2019-03-01T08:24:39.000Z,54.97353,25.087632,0,31450
2019-03-01T08:24:51.000Z,54.973182,25.087943,0,31440
2019-03-01T08:24:59.000Z,54.972953,25.08815,0,31440
2019-03-01T08:25:10.000Z,54.97264000000001,25.088428,0,31430
2019-03-01T08:25:20.000Z,54.97233000000001,25.088713,0,31440
2019-03-01T08:25:30.000Z,54.972075,25.088943,0,31430
2019-03-01T08:25:39.000Z,54.97182,25.089172,0,31430
2019-03-01T08:25:51.000Z,54.971482,25.089478,0,31430
2019-03-01T08:26:00.000Z,54.971227,25.089708,0,31440
2019-03-01T08:26:10.000Z,54.970942,25.089967,0,31440
2019-03-01T08:26:20.000Z,54.970618,25.090252,0,31440
2019-03-01T08:26:30.000Z,54.97035500000001,25.090487,0,31460
2019-03-01T08:26:39.000Z,54.970088,25.090727,0,31460
2019-03-01T08:26:51.000Z,54.969727,25.091053,0,31470
2019-03-01T08:27:00.000Z,54.969455,25.091303,0,31490
2019-03-01T08:27:10.000Z,54.969145,25.091577,0,31470
2019-03-01T08:27:20.000Z,54.96879499999999,25.091883,0,31440
2019-03-01T08:27:30.000Z,54.96850300000001,25.092142000000006,0,31420
2019-03-01T08:27:40.000Z,54.96820500000001,25.092407,0,31420
2019-03-01T08:27:51.000Z,54.96780500000001,25.092763,0,31420
2019-03-01T08:28:01.000Z,54.96749300000001,25.093032,0,31400
2019-03-01T08:28:10.000Z,54.967148,25.093332,0,31370
2019-03-01T08:28:19.000Z,54.966825,25.093605,0,31350
2019-03-01T08:28:39.000Z,54.966067,25.094273,0,31390
2019-03-01T08:28:51.000Z,54.965667,25.094635,0,31440
2019-03-01T08:29:00.000Z,54.965332,25.094937,0,31440
2019-03-01T08:29:09.000Z,54.964957,25.095273,0,31460
2019-03-01T08:29:19.000Z,54.964613,25.095583,0,31440
2019-03-01T08:29:30.000Z,54.964182,25.095958,0,31420
2019-03-01T08:29:39.000Z,54.96378299999999,25.096302,0,31380
2019-03-01T08:29:52.000Z,54.96334,25.096688,0,31390
2019-03-01T08:30:09.000Z,54.962563,25.097368,0,31380
2019-03-01T08:30:19.000Z,54.962193000000006,25.097693,0,31380
2019-03-01T08:30:39.000Z,54.961315,25.09847,0,31380
2019-03-01T08:30:50.000Z,54.960892,25.098842,0,31370
2019-03-01T08:31:01.000Z,54.960467,25.099218,0,31380
2019-03-01T08:31:09.000Z,54.96004300000001,25.099603,0,31410
2019-03-01T08:31:39.000Z,54.958725,25.100742,0,31360
2019-03-01T08:31:50.000Z,54.958277,25.10113,0,31360
2019-03-01T08:32:00.000Z,54.957822,25.101517,0,31340
2019-03-01T08:32:09.000Z,54.95736700000001,25.101903,0,31340
2019-03-01T08:32:19.000Z,54.95695500000001,25.102257,0,31320
2019-03-01T08:32:29.000Z,54.9565,25.102655,0,31350
2019-03-01T08:32:40.000Z,54.956,25.103098000000006,0,31380
2019-03-01T08:32:50.000Z,54.95554,25.103497,0,31360
2019-03-01T08:33:00.000Z,54.955082,25.103905,0,31370
2019-03-01T08:33:09.000Z,54.954612,25.104312,0,31360
2019-03-01T08:33:19.000Z,54.95419,25.104685,0,31380
2019-03-01T08:33:29.000Z,54.95371700000001,25.105105,0,31390
2019-03-01T08:33:40.000Z,54.953187,25.105563,0,31380
2019-03-01T08:33:50.000Z,54.952695,25.105985,0,31360
2019-03-01T08:34:00.000Z,54.952203,25.106413,0,31380
2019-03-01T08:34:09.000Z,54.95171800000001,25.10685,0,31420
2019-03-01T08:34:19.000Z,54.95127700000001,25.107238,0,31410
2019-03-01T08:34:29.000Z,54.950777,25.107672,0,31390
2019-03-01T08:34:39.000Z,54.950223,25.108152,0,31370
2019-03-01T08:34:50.000Z,54.949713,25.108592,0,31360
2019-03-01T08:35:00.000Z,54.949205000000006,25.109038,0,31360
2019-03-01T08:35:09.000Z,54.94869300000001,25.10949,0,31380
2019-03-01T08:35:19.000Z,54.94817,25.109945,0,31370
2019-03-01T08:35:29.000Z,54.947697,25.110355,0,31360
2019-03-01T08:35:33.000Z,54.94743199999999,25.11058,0,31360
2019-03-01T08:35:39.000Z,54.947113,25.110855,0,31350
2019-03-01T08:35:46.000Z,54.946792,25.11113,0,31350
2019-03-01T08:35:50.000Z,54.94657700000001,25.111313,0,31350
2019-03-01T08:35:58.000Z,54.946148,25.11168,0,31340
2019-03-01T08:36:04.000Z,54.945825,25.111958,0,31340
2019-03-01T08:36:09.000Z,54.9455,25.11224,0,31340
2019-03-01T08:36:16.000Z,54.945175,25.112522,0,31340
2019-03-01T08:36:23.000Z,54.94495799999999,25.11271,0,31340
2019-03-01T08:36:40.000Z,54.943865,25.113667,0,31380
2019-03-01T08:36:46.000Z,54.94354000000001,25.113955,0,31380
2019-03-01T08:36:51.000Z,54.94321,25.11424,0,31380
2019-03-01T08:36:59.000Z,54.942878,25.114528,0,31370
2019-03-01T08:37:09.000Z,54.94221,25.115102,0,31350
2019-03-01T08:37:16.000Z,54.941872,25.115388,0,31340
2019-03-01T08:37:21.000Z,54.941588,25.115628,0,31330
2019-03-01T08:37:28.000Z,54.941192,25.115967,0,31330
2019-03-01T08:37:33.000Z,54.940848,25.116257,0,31320
2019-03-01T08:37:39.000Z,54.940507,25.116552,0,31320
2019-03-01T08:37:46.000Z,54.94016800000001,25.116847,0,31340
2019-03-01T08:37:51.000Z,54.939832,25.117147,0,31360
2019-03-01T08:37:58.000Z,54.93949300000001,25.117443,0,31370
2019-03-01T08:38:04.000Z,54.93915,25.117738,0,31360
2019-03-01T08:38:10.000Z,54.938807,25.118033,0,31360
2019-03-01T08:38:16.000Z,54.938463,25.118332,0,31370
2019-03-01T08:38:21.000Z,54.938172,25.118575,0,31360
2019-03-01T08:38:28.000Z,54.93772,25.118985,0,31370
2019-03-01T08:38:33.000Z,54.93744,25.119242,0,31390
2019-03-01T08:38:39.000Z,54.937097,25.119543,0,31390
2019-03-01T08:38:46.000Z,54.93675,25.119845,0,31380
2019-03-01T08:38:51.000Z,54.93640500000001,25.12015,0,31380
2019-03-01T08:38:58.000Z,54.936052,25.120448,0,31360
2019-03-01T08:39:04.000Z,54.93569300000001,25.120748000000006,0,31340
2019-03-01T08:39:09.000Z,54.93534200000001,25.121053,0,31340
2019-03-01T08:39:16.000Z,54.934985,25.121357,0,31330
2019-03-01T08:39:21.000Z,54.934688,25.121605,0,31320
2019-03-01T08:39:28.000Z,54.934222,25.122017,0,31320
2019-03-01T08:39:33.000Z,54.933927,25.12227,0,31330
2019-03-01T08:39:39.000Z,54.93357,25.122573000000006,0,31330
2019-03-01T08:39:46.000Z,54.933222,25.122887,0,31360
2019-03-01T08:39:51.000Z,54.932872,25.123197,0,31370
2019-03-01T08:39:58.000Z,54.93252,25.123507,0,31370
2019-03-01T08:40:04.000Z,54.932172,25.123817000000006,0,31380
2019-03-01T08:40:09.000Z,54.931817,25.124122,0,31370
2019-03-01T08:40:16.000Z,54.93146,25.124432,0,31350
2019-03-01T08:40:21.000Z,54.931167,25.124692,0,31360
2019-03-01T08:40:28.000Z,54.930748,25.125048,0,31350
2019-03-01T08:40:33.000Z,54.930388,25.125353,0,31330
2019-03-01T08:40:39.000Z,54.930028,25.125657,0,31320
2019-03-01T08:40:46.000Z,54.929672,25.125963,0,31330
2019-03-01T08:40:52.000Z,54.929318,25.126275,0,31340
2019-03-01T08:40:58.000Z,54.92896800000001,25.126588,0,31370
2019-03-01T08:41:03.000Z,54.928613,25.126903,0,31380
2019-03-01T08:41:09.000Z,54.928263,25.127225,0,31410
2019-03-01T08:41:16.000Z,54.927912,25.127547,0,31440
2019-03-01T08:41:22.000Z,54.927497,25.127915,0,31440
2019-03-01T08:41:28.000Z,54.9272,25.12818,0,31450
2019-03-01T08:41:34.000Z,54.926785,25.128552,0,31440
2019-03-01T08:41:40.000Z,54.926425,25.128863,0,31430
2019-03-01T08:41:46.000Z,54.926127,25.129125,0,31410
2019-03-01T08:41:51.000Z,54.92576999999999,25.129447,0,31420
2019-03-01T08:41:58.000Z,54.925413,25.129767,0,31430
2019-03-01T08:42:03.000Z,54.92505500000001,25.130087,0,31420
2019-03-01T08:42:09.000Z,54.924697,25.130407,0,31430
2019-03-01T08:42:16.000Z,54.924342,25.130732,0,31450
2019-03-01T08:42:22.000Z,54.923923,25.131105,0,31450
2019-03-01T08:42:28.000Z,54.923623,25.131373,0,31450
2019-03-01T08:42:34.000Z,54.923205,25.131748,0,31450
2019-03-01T08:42:40.000Z,54.922845,25.132067000000006,0,31440
2019-03-01T08:42:46.000Z,54.92254499999999,25.132333,0,31430
2019-03-01T08:42:51.000Z,54.92218,25.132652,0,31420
2019-03-01T08:42:58.000Z,54.92181,25.132967,0,31400
2019-03-01T08:43:03.000Z,54.921445,25.133288,0,31390
2019-03-01T08:43:09.000Z,54.92109,25.133617,0,31420
2019-03-01T08:43:16.000Z,54.920743,25.133948,0,31480
2019-03-01T08:43:22.000Z,54.92033000000001,25.134333,0,31500
2019-03-01T08:43:28.000Z,54.920038,25.13461,0,31520
2019-03-01T08:43:34.000Z,54.919635,25.135002,0,31570
2019-03-01T08:43:40.000Z,54.919282,25.135332,0,31580
2019-03-01T08:43:46.000Z,54.918992,25.135613,0,31590
2019-03-01T08:43:52.000Z,54.91864200000001,25.135947,0,31600
2019-03-01T08:43:58.000Z,54.918287,25.136277,0,31590
2019-03-01T08:44:03.000Z,54.91793199999999,25.136607,0,31580
2019-03-01T08:44:10.000Z,54.917517,25.136995,0,31590
2019-03-01T08:44:16.000Z,54.917223,25.137277,0,31600
2019-03-01T08:44:22.000Z,54.916825,25.137685,0,31680
2019-03-01T08:44:26.000Z,54.916663,25.137865,0,31710
2019-03-01T08:44:30.000Z,54.916457,25.138108,0,31790
2019-03-01T08:44:34.000Z,54.916208,25.138427,0,31960
2019-03-01T08:44:38.000Z,54.916068,25.13862,0,32030
2019-03-01T08:44:42.000Z,54.915893,25.138883,0,32170
2019-03-01T08:44:46.000Z,54.91573,25.139153,0,32330
2019-03-01T08:44:49.000Z,54.915583,25.139427,0,32500
2019-03-01T08:44:54.000Z,54.915448,25.139708,0,32700
2019-03-01T08:44:58.000Z,54.91533,25.139992000000003,0,32900
2019-03-01T08:45:01.000Z,54.91521700000001,25.140277,0,33090
2019-03-01T08:45:06.000Z,54.915088,25.140637,0,33280
2019-03-01T08:45:10.000Z,54.914997,25.140925,0,33550
2019-03-01T08:45:13.000Z,54.914935,25.141143,0,33640
2019-03-01T08:45:18.000Z,54.914857,25.141437,0,33810
2019-03-01T08:45:21.000Z,54.91478299999999,25.141732,0,33970
2019-03-01T08:45:25.000Z,54.914717,25.142028,0,34120
2019-03-01T08:45:35.000Z,54.914595,25.1427,0,34480
2019-03-01T08:45:39.000Z,54.914542,25.14307,0,34610
2019-03-01T08:45:45.000Z,54.914485,25.143522,0,34800
2019-03-01T08:45:52.000Z,54.914423,25.14397,0,34930
2019-03-01T08:45:58.000Z,54.91435500000001,25.144418,0,35000
2019-03-01T08:46:04.000Z,54.914298,25.14487,0,35080
2019-03-01T08:46:10.000Z,54.91424,25.145398,0,35190
2019-03-01T08:46:16.000Z,54.91419000000001,25.145773,0,35220
2019-03-01T08:46:21.000Z,54.914127,25.146225,0,35230
2019-03-01T08:46:28.000Z,54.91406800000001,25.14668,0,35260
2019-03-01T08:46:34.000Z,54.914013,25.147133,0,35280
2019-03-01T08:46:41.000Z,54.913963,25.147592000000003,0,35310
2019-03-01T08:46:46.000Z,54.913923,25.14805,0,35370
2019-03-01T08:46:52.000Z,54.91390300000001,25.148513,0,35460
2019-03-01T08:46:58.000Z,54.913893,25.14897,0,35570
2019-03-01T08:47:05.000Z,54.913875,25.149432,0,35620
2019-03-01T08:47:16.000Z,54.91386,25.150353,0,35740
2019-03-01T08:47:21.000Z,54.913838,25.150813,0,35750
2019-03-01T08:47:28.000Z,54.913822,25.151283,0,35770
2019-03-01T08:47:34.000Z,54.913815,25.151743,0,35800
2019-03-01T08:47:39.000Z,54.913802,25.152203,0,35810
2019-03-01T08:47:45.000Z,54.9138,25.152667,0,35840
2019-03-01T08:47:52.000Z,54.913792,25.15313,0,35860
2019-03-01T08:47:58.000Z,54.913777,25.153593,0,35850
2019-03-01T08:48:04.000Z,54.91376700000001,25.154058,0,35850
2019-03-01T08:48:10.000Z,54.913753,25.154525,0,35850
2019-03-01T08:48:16.000Z,54.913735,25.154992,0,35830
2019-03-01T08:48:21.000Z,54.91373299999999,25.155458,0,35850
2019-03-01T08:48:28.000Z,54.913737,25.155923,0,35900
2019-03-01T08:48:34.000Z,54.913745,25.156388,0,35940
2019-03-01T08:48:39.000Z,54.913763,25.156858,0,35970
2019-03-01T08:48:45.000Z,54.913777,25.15734,0,60
2019-03-01T08:49:04.000Z,54.913798,25.158773,0,100
2019-03-01T08:49:10.000Z,54.913802,25.159248,0,100
2019-03-01T08:49:16.000Z,54.913825,25.159717,0,120
2019-03-01T08:49:21.000Z,54.91385500000001,25.160175,0,160
2019-03-01T08:49:28.000Z,54.913867,25.160645,0,160
2019-03-01T08:49:34.000Z,54.913885,25.161108,0,160
2019-03-01T08:49:40.000Z,54.91390300000001,25.161583,0,170
2019-03-01T08:49:45.000Z,54.913918,25.162048,0,170
2019-03-01T08:49:52.000Z,54.91393299999999,25.162528,0,170
2019-03-01T08:50:04.000Z,54.913963,25.163462,0,170
2019-03-01T08:50:10.000Z,54.913975,25.16394,0,170
2019-03-01T08:50:16.000Z,54.91399300000001,25.164408,0,170
2019-03-01T08:50:21.000Z,54.914008,25.164878,0,170
2019-03-01T08:50:28.000Z,54.914027,25.165358,0,180
2019-03-01T08:50:34.000Z,54.914045,25.165828,0,180
2019-03-01T08:50:39.000Z,54.914058,25.166305,0,170
2019-03-01T08:50:45.000Z,54.914072,25.166785,0,170
2019-03-01T08:50:52.000Z,54.914083,25.167262,0,160
2019-03-01T08:50:58.000Z,54.91409,25.167745,0,150
2019-03-01T08:51:04.000Z,54.914102,25.168227,0,150
2019-03-01T08:51:10.000Z,54.914112,25.16872,0,150
2019-03-01T08:51:17.000Z,54.914122,25.169285,0,140
2019-03-01T08:51:21.000Z,54.914132,25.169687,0,140
2019-03-01T08:51:28.000Z,54.914143,25.170165,0,130
2019-03-01T08:51:33.000Z,54.914165,25.170635,0,140
2019-03-01T08:51:40.000Z,54.914197,25.171198,0,180
2019-03-01T08:51:46.000Z,54.914228,25.171598,0,220
2019-03-01T08:51:52.000Z,54.91429300000001,25.172073,0,330
2019-03-01T08:51:59.000Z,54.914378,25.172548000000006,0,470
2019-03-01T08:52:04.000Z,54.91448199999999,25.173013,0,630
2019-03-01T08:52:10.000Z,54.914598,25.17347,0,790
2019-03-01T08:52:16.000Z,54.91474,25.174003,0,930
2019-03-01T08:52:21.000Z,54.914837,25.174385,0,1020
2019-03-01T08:52:28.000Z,54.91495,25.174843,0,1080
2019-03-01T08:52:33.000Z,54.915072,25.175305,0,1140
2019-03-01T08:52:40.000Z,54.915215,25.175843,0,1200
2019-03-01T08:52:46.000Z,54.915318000000006,25.176228,0,1230
2019-03-01T08:52:52.000Z,54.91545,25.176697,0,1280
2019-03-01T08:53:04.000Z,54.91571999999999,25.177632,0,1350
2019-03-01T08:53:10.000Z,54.91586,25.1781,0,1390
2019-03-01T08:53:21.000Z,54.916132,25.179035,0,1440
2019-03-01T08:53:27.000Z,54.916252,25.179425,0,1460
2019-03-01T08:53:33.000Z,54.916412,25.179972,0,1470
2019-03-01T08:53:40.000Z,54.916573,25.180518,0,1480
2019-03-01T08:53:46.000Z,54.916685,25.180907,0,1470
2019-03-01T08:53:52.000Z,54.916817,25.181377,0,1460
2019-03-01T08:53:58.000Z,54.916948,25.18185,0,1450
2019-03-01T08:54:04.000Z,54.917077,25.182322,0,1430
2019-03-01T08:54:10.000Z,54.91721999999999,25.182873,0,1400
2019-03-01T08:54:22.000Z,54.91744300000001,25.183743,0,1370
2019-03-01T08:54:27.000Z,54.917545,25.184143,0,1350
2019-03-01T08:54:33.000Z,54.917688,25.1847,0,1340
2019-03-01T08:54:40.000Z,54.917833,25.18526,0,1330
2019-03-01T08:54:46.000Z,54.917937,25.185658,0,1330
2019-03-01T08:54:52.000Z,54.918062,25.186137,0,1330
2019-03-01T08:54:58.000Z,54.918188,25.186613,0,1330
2019-03-01T08:55:04.000Z,54.918317,25.18709,0,1340
2019-03-01T08:55:10.000Z,54.91846700000001,25.187648,0,1350
2019-03-01T08:55:16.000Z,54.918575,25.188047,0,1360
2019-03-01T08:55:21.000Z,54.918705,25.188527,0,1370
2019-03-01T08:55:27.000Z,54.918813,25.188927,0,1380
2019-03-01T08:55:39.000Z,54.91907,25.189877,0,1390
2019-03-01T08:55:46.000Z,54.919225,25.190437,0,1390
2019-03-01T08:55:52.000Z,54.91938,25.190998,0,1390
2019-03-01T08:55:58.000Z,54.919488,25.191402,0,1380
2019-03-01T08:56:04.000Z,54.919617,25.191883,0,1380
2019-03-01T08:56:10.000Z,54.91976700000001,25.192443,0,1370
2019-03-01T08:56:16.000Z,54.91987,25.192847,0,1370
2019-03-01T08:56:21.000Z,54.919997,25.193328,0,1360
2019-03-01T08:56:27.000Z,54.920102,25.19373,0,1350
2019-03-01T08:56:34.000Z,54.920247,25.194292,0,1350
2019-03-01T08:56:39.000Z,54.920352,25.194695,0,1340
2019-03-01T08:56:46.000Z,54.920497,25.195258,0,1340
2019-03-01T08:56:52.000Z,54.920642,25.19582,0,1340
2019-03-01T08:56:58.000Z,54.92077,25.196302,0,1340
2019-03-01T08:57:04.000Z,54.920875,25.196703,0,1350
2019-03-01T08:57:12.000Z,54.921025,25.197267,0,1350
2019-03-01T08:57:21.000Z,54.921262,25.198152,0,1360
2019-03-01T08:57:27.000Z,54.92137,25.198555,0,1360
2019-03-01T08:57:33.000Z,54.92152,25.19912,0,1360
2019-03-01T08:57:39.000Z,54.921632,25.199523000000006,0,1360
2019-03-01T08:57:46.000Z,54.921785,25.200088,0,1370
2019-03-01T08:57:52.000Z,54.921935,25.200653,0,1360
2019-03-01T08:57:58.000Z,54.92206700000001,25.201138,0,1360
2019-03-01T08:58:03.000Z,54.922175,25.201542,0,1360
2019-03-01T08:58:10.000Z,54.92231999999999,25.202108,0,1350
2019-03-01T08:58:15.000Z,54.922427,25.202515,0,1350
2019-03-01T08:58:21.000Z,54.92255,25.202998,0,1350
2019-03-01T08:58:27.000Z,54.922655000000006,25.203405,0,1340
2019-03-01T08:58:35.000Z,54.922797,25.203968,0,1330
2019-03-01T08:58:39.000Z,54.922898,25.204375,0,1320
2019-03-01T08:58:46.000Z,54.923037,25.204942000000006,0,1310
2019-03-01T08:58:52.000Z,54.923182,25.205507,0,1300
2019-03-01T08:58:58.000Z,54.923302,25.205992,0,1300
2019-03-01T08:59:03.000Z,54.923408,25.206395,0,1300
2019-03-01T08:59:10.000Z,54.92355500000001,25.206963,0,1310
2019-03-01T08:59:16.000Z,54.92365699999999,25.207368,0,1310
2019-03-01T08:59:22.000Z,54.923788,25.207852,0,1320
2019-03-01T08:59:28.000Z,54.923917,25.208338,0,1320
2019-03-01T08:59:33.000Z,54.924048,25.208827,0,1330
2019-03-01T08:59:39.000Z,54.924162,25.209235,0,1350
2019-03-01T08:59:46.000Z,54.92431800000001,25.209802,0,1360
2019-03-01T08:59:52.000Z,54.924477,25.210367,0,1390
2019-03-01T08:59:58.000Z,54.924613,25.210848,0,1400
2019-03-01T09:00:10.000Z,54.924878,25.211812,0,1400
2019-03-01T09:00:15.000Z,54.924987,25.212212,0,1400
2019-03-01T09:00:21.000Z,54.92511800000001,25.21269,0,1390
2019-03-01T09:00:28.000Z,54.925247,25.213168,0,1390
2019-03-01T09:00:33.000Z,54.925373,25.21365,0,1380
2019-03-01T09:00:39.000Z,54.92548000000001,25.214048,0,1380
2019-03-01T09:00:46.000Z,54.925627,25.214608,0,1370
2019-03-01T09:00:52.000Z,54.925772,25.215168,0,1360
2019-03-01T09:00:58.000Z,54.925877,25.21557,0,1350
2019-03-01T09:01:10.000Z,54.92614200000001,25.216605,0,1340
2019-03-01T09:01:22.000Z,54.92637,25.217485,0,1320
2019-03-01T09:01:28.000Z,54.926497,25.217967,0,1320
2019-03-01T09:01:33.000Z,54.92661999999999,25.218448,0,1320
2019-03-01T09:01:39.000Z,54.926727,25.218847,0,1320
2019-03-01T09:01:46.000Z,54.92687,25.21941,0,1320
2019-03-01T09:01:52.000Z,54.927015,25.219972,0,1320
2019-03-01T09:01:58.000Z,54.92711800000001,25.220370000000006,0,1320
2019-03-01T09:02:03.000Z,54.927243,25.220852,0,1330
2019-03-01T09:02:10.000Z,54.92739,25.221412,0,1330
2019-03-01T09:02:15.000Z,54.92749300000001,25.221812,0,1340
2019-03-01T09:02:22.000Z,54.92762,25.22229,0,1350
2019-03-01T09:02:28.000Z,54.92775,25.222772,0,1350
2019-03-01T09:02:33.000Z,54.927882,25.223253,0,1370
2019-03-01T09:02:40.000Z,54.928017,25.223735,0,1380
2019-03-01T09:02:58.000Z,54.92842,25.225173,0,1400
2019-03-01T09:03:10.000Z,54.928702,25.22621,0,1400
2019-03-01T09:03:15.000Z,54.928805,25.226608,0,1390
2019-03-01T09:03:22.000Z,54.928932,25.227087,0,1380
2019-03-01T09:03:28.000Z,54.92905699999999,25.227565,0,1380
2019-03-01T09:03:33.000Z,54.929178,25.228042,0,1360
2019-03-01T09:03:46.000Z,54.929425,25.228997,0,1340
2019-03-01T09:03:52.000Z,54.929545,25.229473,0,1330
2019-03-01T09:03:58.000Z,54.929667,25.22995,0,1320
2019-03-01T09:04:03.000Z,54.929787,25.230425,0,1320
2019-03-01T09:04:10.000Z,54.92993000000001,25.23098,0,1310
2019-03-01T09:04:15.000Z,54.930032,25.231377,0,1310
2019-03-01T09:04:22.000Z,54.930153,25.231852,0,1320
2019-03-01T09:04:28.000Z,54.930278,25.232325,0,1320
2019-03-01T09:04:33.000Z,54.93040500000001,25.232798000000006,0,1330
2019-03-01T09:04:58.000Z,54.93091800000001,25.234688,0,1360
2019-03-01T09:05:10.000Z,54.931202,25.235712,0,1380
2019-03-01T09:05:15.000Z,54.931313,25.236107,0,1380
2019-03-01T09:05:22.000Z,54.93146700000001,25.236657,0,1380
2019-03-01T09:05:28.000Z,54.931575,25.237053,0,1380
2019-03-01T09:05:33.000Z,54.93170500000001,25.237523,0,1380
2019-03-01T09:05:40.000Z,54.931833,25.237998,0,1380
2019-03-01T09:05:45.000Z,54.93196,25.23847,0,1380
2019-03-01T09:05:58.000Z,54.932218000000006,25.239420000000006,0,1380
2019-03-01T09:06:03.000Z,54.932345,25.239897,0,1370
2019-03-01T09:06:10.000Z,54.932495,25.240457,0,1360
2019-03-01T09:06:15.000Z,54.932598,25.240857,0,1360
2019-03-01T09:06:23.000Z,54.932743,25.241412,0,1340
2019-03-01T09:06:28.000Z,54.93284499999999,25.24181,0,1340
2019-03-01T09:06:33.000Z,54.93296700000001,25.242287,0,1330
2019-03-01T09:06:39.000Z,54.933085,25.242763,0,1320
2019-03-01T09:06:45.000Z,54.933202,25.243238,0,1310
2019-03-01T09:06:52.000Z,54.93332,25.243717,0,1300
2019-03-01T09:06:59.000Z,54.933435,25.244195,0,1290
2019-03-01T09:07:10.000Z,54.93366999999999,25.245152,0,1280
2019-03-01T09:07:16.000Z,54.933792,25.245628,0,1280
2019-03-01T09:07:22.000Z,54.933935,25.246188,0,1290
2019-03-01T09:07:28.000Z,54.934037,25.24659,0,1290
2019-03-01T09:07:33.000Z,54.934158,25.247072,0,1300
2019-03-01T09:07:39.000Z,54.934285,25.247555,0,1300
2019-03-01T09:07:45.000Z,54.934412,25.248037,0,1310
2019-03-01T09:07:52.000Z,54.934538,25.248518,0,1320
2019-03-01T09:07:58.000Z,54.934665,25.248998,0,1330
2019-03-01T09:08:11.000Z,54.934923,25.249958,0,1350
2019-03-01T09:08:22.000Z,54.935207,25.250998000000006,0,1370
2019-03-01T09:08:46.000Z,54.93571,25.25283,0,1380
2019-03-01T09:08:52.000Z,54.935842,25.25331,0,1380
2019-03-01T09:08:58.000Z,54.93599200000001,25.253870000000006,0,1380
2019-03-01T09:09:04.000Z,54.936122,25.254348,0,1370
2019-03-01T09:09:10.000Z,54.936227,25.25475,0,1370
2019-03-01T09:09:22.000Z,54.936498,25.255798,0,1340
2019-03-01T09:09:33.000Z,54.936717,25.256682,0,1310
2019-03-01T09:09:39.000Z,54.936835,25.257163,0,1300
2019-03-01T09:09:52.000Z,54.93707,25.258128,0,1280
2019-03-01T09:09:58.000Z,54.93721,25.258688,0,1280
2019-03-01T09:10:04.000Z,54.937328,25.25917,0,1280
2019-03-01T09:10:10.000Z,54.937428,25.259573,0,1280
2019-03-01T09:10:22.000Z,54.937675,25.26054,0,1290
2019-03-01T09:10:46.000Z,54.938183,25.26247,0,1340
2019-03-01T09:10:52.000Z,54.938313,25.262952,0,1350
2019-03-01T09:11:04.000Z,54.938593,25.263993,0,1370
2019-03-01T09:11:10.000Z,54.938702,25.264395,0,1370
2019-03-01T09:11:16.000Z,54.93883,25.264877,0,1380
2019-03-01T09:11:22.000Z,54.938962,25.265358,0,1380
2019-03-01T09:11:34.000Z,54.93922,25.266323,0,1370
2019-03-01T09:11:46.000Z,54.939473,25.267297,0,1360
2019-03-01T09:11:52.000Z,54.9396,25.26778,0,1350
2019-03-01T09:11:58.000Z,54.939745,25.268345,0,1350
2019-03-01T09:12:04.000Z,54.939847,25.26875,0,1340
2019-03-01T09:12:16.000Z,54.940088,25.269725,0,1310
2019-03-01T09:12:22.000Z,54.94021,25.270212,0,1300
2019-03-01T09:12:34.000Z,54.94045300000001,25.271188,0,1280
2019-03-01T09:12:46.000Z,54.94069200000001,25.272163,0,1270
2019-03-01T09:12:52.000Z,54.940815,25.272652,0,1270
2019-03-01T09:12:59.000Z,54.940957,25.273223,0,1270
2019-03-01T09:13:04.000Z,54.941057,25.273632,0,1270
2019-03-01T09:13:10.000Z,54.9412,25.2742,0,1270
2019-03-01T09:13:22.000Z,54.941425,25.275097,0,1280
2019-03-01T09:13:34.000Z,54.941678,25.276075,0,1300
2019-03-01T09:13:46.000Z,54.94196,25.277137,0,1320
2019-03-01T09:13:52.000Z,54.942068000000006,25.277547,0,1330
2019-03-01T09:13:58.000Z,54.94221999999999,25.278118,0,1340
2019-03-01T09:14:04.000Z,54.942335,25.278528,0,1350
2019-03-01T09:14:10.000Z,54.942487,25.2791,0,1350
2019-03-01T09:14:16.000Z,54.942598,25.27951,0,1360
2019-03-01T09:14:22.000Z,54.94273199999999,25.280003,0,1360
2019-03-01T09:14:34.000Z,54.942995,25.280985,0,1360
2019-03-01T09:14:46.000Z,54.94328,25.282057,0,1350
2019-03-01T09:14:52.000Z,54.943388,25.282467,0,1340
2019-03-01T09:14:57.000Z,54.94351500000001,25.28296,0,1340
2019-03-01T09:15:04.000Z,54.943645,25.283452,0,1340
2019-03-01T09:15:10.000Z,54.943792,25.284025,0,1330
2019-03-01T09:15:16.000Z,54.9439,25.28443,0,1330
2019-03-01T09:15:34.000Z,54.944283,25.285905,0,1330
2019-03-01T09:15:52.000Z,54.94466,25.28738,0,1320
2019-03-01T09:15:57.000Z,54.944785,25.287868,0,1320
2019-03-01T09:16:04.000Z,54.94491,25.288365,0,1320
2019-03-01T09:16:10.000Z,54.945052,25.288943,0,1300
2019-03-01T09:16:16.000Z,54.945177,25.289438,0,1300
2019-03-01T09:16:22.000Z,54.94528,25.289852,0,1300
2019-03-01T09:16:28.000Z,54.945423,25.290432,0,1290
2019-03-01T09:16:34.000Z,54.945527,25.290845,0,1290
2019-03-01T09:16:40.000Z,54.945675,25.291423,0,1290
2019-03-01T09:16:47.000Z,54.9458,25.29192,0,1290
2019-03-01T09:16:52.000Z,54.945903,25.292333,0,1290
2019-03-01T09:16:57.000Z,54.946027,25.292828,0,1290
2019-03-01T09:17:04.000Z,54.946173,25.293407,0,1290
2019-03-01T09:17:09.000Z,54.946273,25.293822,0,1290
2019-03-01T09:17:22.000Z,54.946527,25.29481,0,1300
2019-03-01T09:17:28.000Z,54.946673,25.295388,0,1310
2019-03-01T09:17:34.000Z,54.946777,25.295803,0,1310
2019-03-01T09:17:40.000Z,54.946927,25.296378,0,1320
2019-03-01T09:17:46.000Z,54.94705500000001,25.29687,0,1320
2019-03-01T09:17:52.000Z,54.947162,25.297283,0,1330
2019-03-01T09:17:57.000Z,54.947288,25.297777,0,1330
2019-03-01T09:18:04.000Z,54.947438,25.29835,0,1330
2019-03-01T09:18:09.000Z,54.947547,25.298763,0,1330
2019-03-01T09:18:16.000Z,54.947675,25.299257,0,1330
2019-03-01T09:18:22.000Z,54.947802,25.299752,0,1330
2019-03-01T09:18:28.000Z,54.94795300000001,25.300328,0,1330
2019-03-01T09:18:34.000Z,54.948058,25.300742,0,1320
2019-03-01T09:18:40.000Z,54.94821,25.301322,0,1320
2019-03-01T09:18:47.000Z,54.948338,25.301818,0,1320
2019-03-01T09:18:52.000Z,54.948447,25.302232,0,1310
2019-03-01T09:19:04.000Z,54.94872700000001,25.303305,0,1300
2019-03-01T09:19:09.000Z,54.948832,25.303718,0,1300
2019-03-01T09:19:15.000Z,54.948953,25.304215,0,1300
2019-03-01T09:19:22.000Z,54.949078,25.304708,0,1300
2019-03-01T09:19:28.000Z,54.949223,25.305287,0,1300
2019-03-01T09:19:34.000Z,54.949325,25.305702,0,1300
2019-03-01T09:19:46.000Z,54.949572,25.30669,0,1290
2019-03-01T09:19:52.000Z,54.949698,25.307183,0,1300
2019-03-01T09:19:57.000Z,54.949825,25.307677,0,1300
2019-03-01T09:20:04.000Z,54.949973,25.308253,0,1300
2019-03-01T09:20:09.000Z,54.950082,25.308665,0,1310
2019-03-01T09:20:15.000Z,54.95021,25.309162,0,1320
2019-03-01T09:20:21.000Z,54.950342000000006,25.309658,0,1330
2019-03-01T09:20:28.000Z,54.950497,25.310237,0,1340
2019-03-01T09:20:34.000Z,54.950607,25.310652,0,1350
2019-03-01T09:20:40.000Z,54.950765,25.311233,0,1360
2019-03-01T09:20:46.000Z,54.950878,25.311645,0,1360
2019-03-01T09:20:52.000Z,54.951012,25.312143,0,1370
2019-03-01T09:20:57.000Z,54.95115,25.312637,0,1370
2019-03-01T09:21:09.000Z,54.951422,25.313627,0,1380
2019-03-01T09:21:15.000Z,54.951557,25.314125,0,1380
2019-03-01T09:21:21.000Z,54.951692,25.314623,0,1380
2019-03-01T09:21:28.000Z,54.951847,25.315203,0,1380
2019-03-01T09:21:34.000Z,54.95195699999999,25.315618,0,1380
2019-03-01T09:21:40.000Z,54.952112,25.316203,0,1370
2019-03-01T09:21:46.000Z,54.95222,25.316622,0,1370
2019-03-01T09:21:52.000Z,54.952348,25.317123,0,1360
2019-03-01T09:21:57.000Z,54.95248,25.317623,0,1350
2019-03-01T09:22:04.000Z,54.952632,25.318202,0,1340
2019-03-01T09:22:10.000Z,54.952738,25.318615,0,1340
2019-03-01T09:22:15.000Z,54.95286700000001,25.319112,0,1330
2019-03-01T09:22:21.000Z,54.952992,25.319612,0,1320
2019-03-01T09:22:29.000Z,54.953117000000006,25.32011,0,1310
2019-03-01T09:22:40.000Z,54.953397,25.321198000000006,0,1310
2019-03-01T09:22:46.000Z,54.95351,25.321615,0,1320
2019-03-01T09:22:51.000Z,54.953648,25.322113,0,1340
2019-03-01T09:22:58.000Z,54.95379300000001,25.32261,0,1370
2019-03-01T09:23:04.000Z,54.95394200000001,25.323107,0,1400
2019-03-01T09:23:15.000Z,54.95425,25.324095,0,1480
2019-03-01T09:23:22.000Z,54.954408,25.324588,0,1520
2019-03-01T09:23:28.000Z,54.954577,25.325077,0,1570
2019-03-01T09:23:34.000Z,54.95474300000001,25.325567000000003,0,1600
2019-03-01T09:23:40.000Z,54.954908,25.326057,0,1630
2019-03-01T09:23:46.000Z,54.955073,25.326547,0,1650
2019-03-01T09:23:51.000Z,54.955232,25.327035,0,1650
2019-03-01T09:23:58.000Z,54.95539300000001,25.327527,0,1650
2019-03-01T09:24:04.000Z,54.95555,25.328017000000006,0,1640
2019-03-01T09:24:10.000Z,54.955705,25.32851,0,1620
2019-03-01T09:24:15.000Z,54.955857,25.329003,0,1610
2019-03-01T09:24:22.000Z,54.956003,25.329498,0,1590
2019-03-01T09:24:29.000Z,54.956153,25.329992,0,1570
2019-03-01T09:24:46.000Z,54.956603,25.331492,0,1540
2019-03-01T09:25:11.000Z,54.957208,25.333482,0,1550
2019-03-01T09:25:28.000Z,54.95766999999999,25.334972,0,1560
2019-03-01T09:25:46.000Z,54.958128,25.336462,0,1570
2019-03-01T09:25:58.000Z,54.958435,25.33745,0,1570
2019-03-01T09:26:04.000Z,54.958592,25.337945,0,1580
2019-03-01T09:26:16.000Z,54.958922,25.339017,0,1570
2019-03-01T09:26:22.000Z,54.95905,25.33943,0,1570
2019-03-01T09:26:28.000Z,54.959205,25.339925,0,1570
2019-03-01T09:26:34.000Z,54.95936,25.34042,0,1570
2019-03-01T09:26:40.000Z,54.95951700000001,25.340918,0,1570
2019-03-01T09:26:46.000Z,54.95967,25.341417,0,1580
2019-03-01T09:26:51.000Z,54.959827,25.341913,0,1580
2019-03-01T09:26:58.000Z,54.959987,25.342413,0,1580
2019-03-01T09:27:06.000Z,54.960145,25.342913,0,1580
2019-03-01T09:27:21.000Z,54.960618,25.344407,0,1580
2019-03-01T09:27:28.000Z,54.960777,25.344905,0,1590
2019-03-01T09:27:40.000Z,54.961092,25.345898,0,1590
2019-03-01T09:27:46.000Z,54.961247,25.346398,0,1590
2019-03-01T09:27:51.000Z,54.961402,25.346898,0,1590
2019-03-01T09:28:04.000Z,54.961712,25.347898,0,1590
2019-03-01T09:28:10.000Z,54.961868,25.348398,0,1580
2019-03-01T09:28:16.000Z,54.962047,25.348982,0,1580
2019-03-01T09:28:22.000Z,54.962175,25.349398,0,1580
2019-03-01T09:28:28.000Z,54.962355,25.349985,0,1570
2019-03-01T09:28:34.000Z,54.962482,25.350402,0,1570
2019-03-01T09:28:40.000Z,54.962637,25.350903,0,1570
2019-03-01T09:28:46.000Z,54.962788,25.351403,0,1570
2019-03-01T09:28:51.000Z,54.962943,25.351907,0,1560
2019-03-01T09:29:03.000Z,54.963247,25.352913,0,1560
2019-03-01T09:29:16.000Z,54.963575,25.354003,0,1560
2019-03-01T09:29:22.000Z,54.963703,25.354425,0,1560
2019-03-01T09:29:28.000Z,54.963885,25.35501,0,1560
2019-03-01T09:29:40.000Z,54.964167,25.355932,0,1560
2019-03-01T09:29:46.000Z,54.96431800000001,25.356435,0,1570
2019-03-01T09:30:03.000Z,54.964788,25.357945,0,1570
2019-03-01T09:30:10.000Z,54.96495,25.358448000000006,0,1570
2019-03-01T09:30:17.000Z,54.965137,25.359042,0,1570
2019-03-01T09:30:28.000Z,54.96545500000001,25.360055,0,1580
2019-03-01T09:30:33.000Z,54.965583,25.360477,0,1580
2019-03-01T09:31:03.000Z,54.966365,25.363000000000003,0,1570
2019-03-01T09:31:10.000Z,54.96652,25.363505,0,1570
2019-03-01T09:31:16.000Z,54.966703,25.36409,0,1580
2019-03-01T09:31:22.000Z,54.96683,25.364508,0,1580
2019-03-01T09:31:33.000Z,54.967147,25.365505,0,1580
2019-03-01T09:31:39.000Z,54.96728,25.365918,0,1590
2019-03-01T09:31:46.000Z,54.967497,25.366577,0,1600
2019-03-01T09:31:52.000Z,54.96763000000001,25.366992,0,1600
2019-03-01T09:32:03.000Z,54.967958,25.367983,0,1620
2019-03-01T09:32:10.000Z,54.968122,25.368478,0,1630
2019-03-01T09:32:16.000Z,54.968285,25.368973,0,1640
2019-03-01T09:32:28.000Z,54.968637,25.37005,0,1650
2019-03-01T09:32:33.000Z,54.968773,25.370465,0,1650
2019-03-01T09:32:39.000Z,54.96890500000001,25.370878,0,1650
2019-03-01T09:32:52.000Z,54.969253,25.371953,0,1640
2019-03-01T09:32:58.000Z,54.969412,25.372452,0,1630
2019-03-01T09:33:10.000Z,54.969725,25.373447,0,1620
2019-03-01T09:33:16.000Z,54.96988,25.373947,0,1610
2019-03-01T09:33:46.000Z,54.97065799999999,25.376527,0,1560
2019-03-01T09:33:52.000Z,54.97078000000001,25.376943,0,1550
2019-03-01T09:34:39.000Z,54.971965,25.380833,0,1550
2019-03-01T09:34:47.000Z,54.972177,25.3815,0,1570
2019-03-01T09:34:52.000Z,54.972312,25.381917,0,1570
2019-03-01T09:35:00.000Z,54.972475,25.382417,0,1590
2019-03-01T09:35:09.000Z,54.972777,25.383333,0,1620
2019-03-01T09:35:16.000Z,54.972968,25.383918,0,1630
2019-03-01T09:35:58.000Z,54.974103,25.387408,0,1640
2019-03-01T09:36:28.000Z,54.974885,25.3899,0,1590
2019-03-01T09:36:46.000Z,54.975368,25.391483,0,1570
2019-03-01T09:36:58.000Z,54.97565,25.392402,0,1570
2019-03-01T09:37:04.000Z,54.975825,25.392985,0,1580
2019-03-01T09:37:09.000Z,54.975928,25.393317,0,1580
2019-03-01T09:37:15.000Z,54.976113,25.3939,0,1590
2019-03-01T09:37:34.000Z,54.976597,25.395392,0,1620
2019-03-01T09:37:51.000Z,54.97709,25.396878,0,1650
2019-03-01T09:38:34.000Z,54.978213,25.400353,0,1630
2019-03-01T09:38:58.000Z,54.978818,25.40236,0,1570
2019-03-01T09:39:34.000Z,54.979772,25.405362,0,1620
2019-03-01T09:39:58.000Z,54.980465,25.407347,0,1720
2019-03-01T09:40:09.000Z,54.98082700000001,25.408328,0,1760
2019-03-01T09:40:28.000Z,54.981347,25.409812,0,1760
2019-03-01T09:40:52.000Z,54.981995,25.41179,0,1690
2019-03-01T09:40:59.000Z,54.982152,25.412283,0,1670
2019-03-01T09:41:09.000Z,54.98246,25.413272,0,1640
2019-03-01T09:41:45.000Z,54.983435,25.416238,0,1660
2019-03-01T09:42:15.000Z,54.984285,25.418713,0,1710
2019-03-01T09:42:34.000Z,54.984793,25.420198000000006,0,1710
2019-03-01T09:42:45.000Z,54.985127,25.421183,0,1700
2019-03-01T09:43:09.000Z,54.985775,25.423167000000007,0,1660
2019-03-01T09:43:15.000Z,54.985933,25.423663,0,1660
2019-03-01T09:43:46.000Z,54.986727,25.426148,0,1630
2019-03-01T09:44:58.000Z,54.988722,25.432087,0,1740
2019-03-01T09:45:28.000Z,54.9896,25.43464,0,1730
2019-03-01T09:45:34.000Z,54.989733,25.43505,0,1720
2019-03-01T09:45:46.000Z,54.990058,25.436043,0,1700
2019-03-01T09:46:03.000Z,54.990532,25.437542,0,1650
2019-03-01T09:46:39.000Z,54.99148,25.440527,34,1620
2019-03-01T09:46:39.000Z,54.99148,25.440527,34,1620
2019-03-01T09:48:52.000Z,54.995142,25.451438,0,1610
2019-03-01T09:49:16.000Z,54.995803,25.45351,0,1630
2019-03-01T09:50:22.000Z,54.99766999999999,25.458857,0,1750
2019-03-01T09:51:03.000Z,54.9988,25.462323,34,1640
2019-03-01T09:51:03.000Z,54.9988,25.462323,34,1640
2019-03-01T09:53:03.000Z,55.002102,25.472228,0,1730
2019-03-01T09:54:10.000Z,55.00383000000001,25.477698,0,1590
2019-03-01T09:54:16.000Z,55.003992,25.478197,0,1600
2019-03-01T09:57:00.000Z,55.008248,25.49105,0,1610
2019-03-01T09:57:28.000Z,55.009273,25.494122,34,1690
2019-03-01T09:57:28.000Z,55.009273,25.494122,34,1690
2019-03-01T09:58:28.000Z,55.010995,25.499082,0,1740
2019-03-01T09:58:40.000Z,55.011297,25.499985,0,1720
2019-03-01T09:58:46.000Z,55.011462,25.50048,0,1710
2019-03-01T09:58:58.000Z,55.011783,25.501473,34,1670
2019-03-01T09:58:58.000Z,55.011783,25.501473,34,1670
2019-03-01T10:01:16.000Z,55.01558299999999,25.512883,0,1720
2019-03-01T10:01:28.000Z,55.015913,25.51396,0,1630
2019-03-01T10:01:40.000Z,55.01617,25.514873,0,1550
2019-03-01T10:02:15.000Z,55.01688299999999,25.517832,0,1290
2019-03-01T10:02:46.000Z,55.017612,25.520425,0,1420
2019-03-01T10:03:46.000Z,55.019117,25.52542,0,1500
2019-03-01T10:03:51.000Z,55.01926,25.525922,0,1490
2019-03-01T10:05:22.000Z,55.021435,25.533442,0,1500
2019-03-01T10:05:34.000Z,55.02173000000001,25.534445,0,1500
2019-03-01T10:05:39.000Z,55.021882,25.534945,0,1510
2019-03-01T10:05:46.000Z,55.022032,25.535447,0,1510
2019-03-01T10:06:46.000Z,55.023498,25.540475,0,1460
2019-03-01T10:08:22.000Z,55.02585500000001,25.548518,0,1500
2019-03-01T10:09:27.000Z,55.02744300000001,25.553953,0,1480
2019-03-01T10:10:10.000Z,55.028528,25.557628,0,1480
2019-03-01T10:10:16.000Z,55.02865500000001,25.55805,34,1490
2019-03-01T10:10:16.000Z,55.02865500000001,25.55805,34,1490
2019-03-01T10:12:54.000Z,55.033773,25.570235,0,2050
2019-03-01T10:28:36.000Z,55.076347,25.642113,0,3430
2019-03-01T10:50:31.000Z,55.17216,25.715947,0,5120
2019-03-01T11:02:47.000Z,55.226505,25.754455,0,5230
2019-03-01T11:08:14.000Z,55.251075,25.771362,0,5280
2019-03-01T11:18:30.000Z,55.298673,25.803442,0,5380
2019-03-01T11:34:00.000Z,55.370628,25.851378,0,5370
2019-03-01T11:34:38.000Z,55.373323,25.85318,0,5370
2019-03-01T11:49:11.000Z,55.440897,25.898827,0,5290
2019-03-01T12:04:18.000Z,55.511765,25.947403,0,5320
2019-03-01T12:22:47.000Z,55.59904,26.007695,0,5180
2019-03-01T12:39:41.000Z,55.67628000000001,26.065303,0,4940
2019-03-01T12:53:02.000Z,55.739515,26.107788,0,5430
2019-03-01T12:57:51.000Z,55.763535,26.123245,0,5470
2019-03-01T12:58:10.000Z,55.76499200000001,26.124173000000006,35,5470
2019-03-01T12:58:10.000Z,55.76499200000001,26.124173000000006,35,5470
2019-03-01T13:02:51.000Z,55.787452,26.13877,0,5330
2019-03-01T13:03:04.000Z,55.788373,26.13942,0,5270
2019-03-01T13:03:48.000Z,55.791672,26.141745,0,5220
2019-03-01T13:04:28.000Z,55.794838,26.143928,35,5240
2019-03-01T13:04:28.000Z,55.794838,26.143928,35,5240
2019-03-01T13:06:22.000Z,55.803787,26.14985,0,5390
2019-03-01T13:07:21.000Z,55.808463,26.152973,0,5350
2019-03-01T13:07:46.000Z,55.81035,26.154222,0,5360
2019-03-01T13:08:23.000Z,55.81316800000001,26.156093,0,5350
2019-03-01T13:08:34.000Z,55.814117,26.15672,0,5360
2019-03-01T13:08:52.000Z,55.815533,26.15766,0,5360
2019-03-01T13:09:04.000Z,55.816472,26.158288,0,5350
2019-03-01T13:09:46.000Z,55.819743,26.160488,0,5340
2019-03-01T13:11:22.000Z,55.827247,26.165503,0,5340
2019-03-01T13:11:52.000Z,55.829582,26.167035,34,5370
2019-03-01T13:11:52.000Z,55.829582,26.167035,34,5370
2019-03-01T13:18:27.000Z,55.860525,26.187933,35,5250
2019-03-01T13:18:27.000Z,55.860525,26.187933,35,5250
2019-03-01T13:19:49.000Z,55.86617800000001,26.191755,0,5320
2019-03-01T13:21:04.000Z,55.87275500000001,26.19632,35,5190
2019-03-01T13:21:04.000Z,55.87275500000001,26.19632,35,5190
2019-03-01T13:23:46.000Z,55.885175,26.204917,0,5230
2019-03-01T13:25:04.000Z,55.89116,26.20905,34,5250
2019-03-01T13:25:04.000Z,55.89116,26.20905,34,5250
2019-03-01T13:50:40.000Z,56.008343,26.290388,0,5280
2019-03-01T13:50:46.000Z,56.008783,26.290703000000004,0,5270
2019-03-01T13:51:11.000Z,56.010597,26.291943,34,5270
2019-03-01T13:51:11.000Z,56.010597,26.291943,34,5270
2019-03-01T13:52:49.000Z,56.017437,26.296640000000004,0,5300
2019-03-01T14:43:49.000Z,56.25715699999999,26.442667,0,5590
2019-03-01T15:09:19.000Z,56.379003,26.515895,0,6240
2019-03-01T16:35:06.000Z,56.646352,26.27389,0,16770
2019-03-01T17:45:00.000Z,56.689813,25.907893,0,16550
2019-03-01T17:45:06.000Z,56.689947,25.907387,35,16550
2019-03-01T17:45:06.000Z,56.689947,25.907387,35,16550
2019-03-01T18:14:37.000Z,56.727317000000006,25.753363,0,16670
2019-03-01T18:43:43.000Z,56.76067,25.602615,0,17220
2019-03-01T19:09:17.000Z,56.776373,25.467192,0,17210
2019-03-01T19:15:49.000Z,56.7812,25.434373,0,17250
2019-03-01T19:34:49.000Z,56.792455,25.343517,0,17420
2019-03-01T19:40:10.000Z,56.795013,25.319973,0,17390
2019-03-01T19:41:05.000Z,56.795413,25.316347,0,17380
2019-03-01T20:00:37.000Z,56.818112,25.244677,0,15410
2019-03-01T20:04:47.000Z,56.824630000000006,25.232458,0,15400
2019-03-01T20:26:08.000Z,56.847678,25.173368,0,17810
2019-03-01T20:43:57.000Z,56.846762,25.149822,8,24670
2019-03-01T20:43:57.000Z,56.846762,25.149822,8,24670
2019-03-01T20:46:57.000Z,56.841457,25.149483,12,26740
2019-03-01T20:46:57.000Z,56.841457,25.149483,12,26740
2019-03-01T20:48:12.000Z,56.839465,25.149413,0,26830
2019-03-01T20:49:18.000Z,56.835297,25.149353,0,26920
2019-03-01T20:49:29.000Z,56.83475,25.149338,0,26890
2019-03-01T20:51:28.000Z,56.82836700000001,25.149247,19,26910
2019-03-01T20:51:28.000Z,56.82836700000001,25.149247,19,26910
2019-03-01T20:52:28.000Z,56.82725,25.149242,0,26940
2019-03-01T20:53:58.000Z,56.819732,25.149173,0,26960
2019-03-01T20:55:59.000Z,56.8125,25.149103,22,26940
2019-03-01T20:55:59.000Z,56.8125,25.149103,22,26940
2019-03-01T20:59:27.000Z,56.799635,25.149038,22,27030
2019-03-01T20:59:27.000Z,56.799635,25.149038,22,27030
2019-03-01T21:01:48.000Z,56.790703,25.14898,0,27050
2019-03-01T21:03:38.000Z,56.783752,25.148977,0,26970
2019-03-01T21:03:57.000Z,56.78254499999999,25.148968,0,26980
2019-03-01T21:04:08.000Z,56.78184,25.148968,23,26980
2019-03-01T21:04:08.000Z,56.78184,25.148968,23,26980
2019-03-01T21:06:38.000Z,56.77214,25.148898000000006,23,26990
2019-03-01T21:06:38.000Z,56.77214,25.148898000000006,23,26990
2019-03-01T21:07:46.000Z,56.77099000000001,25.148898000000006,0,26990
2019-03-01T21:09:19.000Z,56.761838,25.14887,23,27010
2019-03-01T21:09:19.000Z,56.761838,25.14887,23,27010
2019-03-01T21:12:48.000Z,56.7483,25.148797,0,26970
2019-03-01T21:12:58.000Z,56.747648,25.14879,0,26980
2019-03-01T21:13:18.000Z,56.74633000000001,25.148783,0,26990
2019-03-01T21:13:48.000Z,56.744377,25.148772,0,26990
2019-03-01T21:14:00.000Z,56.743722,25.148767000000007,0,26990
2019-03-01T21:14:38.000Z,56.74104200000001,25.14874,0,26960
2019-03-01T21:14:48.000Z,56.74045200000001,25.14873,0,26940
2019-03-01T21:15:08.000Z,56.73914,25.148703,0,26930
2019-03-01T21:15:28.000Z,56.737832,25.148708,0,26940
2019-03-01T21:15:38.000Z,56.737107,25.148705,0,26930
2019-03-01T21:15:48.000Z,56.73652,25.148703,0,26920
2019-03-01T21:16:38.000Z,56.733155,25.148625,0,26890
2019-03-01T21:17:18.000Z,56.730612,25.148617,0,26880
2019-03-01T21:17:38.000Z,56.72923,25.148562,0,26860
2019-03-01T21:17:48.000Z,56.72864000000001,25.148513,0,26870
2019-03-01T21:18:18.000Z,56.726672,25.148508,0,26900
2019-03-01T21:18:38.000Z,56.725297,25.14846,0,26890
2019-03-01T21:18:48.000Z,56.72470500000001,25.148477,0,26930
2019-03-01T21:18:58.000Z,56.724048,25.148465,0,26900
2019-03-01T21:19:17.000Z,56.722817000000006,25.148477,0,26930
2019-03-01T21:19:48.000Z,56.720773,25.148417,0,26910
2019-03-01T21:19:58.000Z,56.72012700000001,25.148385,0,26890
2019-03-01T21:20:38.000Z,56.717502,25.148327,0,26870
2019-03-01T21:20:48.000Z,56.716837,25.14832,0,26880
2019-03-01T21:21:17.000Z,56.71491500000001,25.148282,0,26880
2019-03-01T21:21:38.000Z,56.713535,25.148272,0,26900
2019-03-01T21:22:08.000Z,56.711578,25.148237,0,26880
2019-03-01T21:22:17.000Z,56.710995,25.14822,0,26850
2019-03-01T21:22:58.000Z,56.708297,25.148143,0,26850
2019-03-01T21:23:08.000Z,56.70764200000001,25.148112,0,26860
2019-03-01T21:23:27.000Z,56.70639499999999,25.148115,0,26870
2019-03-01T21:23:38.000Z,56.70567,25.148107,0,26880
2019-03-01T21:23:49.000Z,56.70501700000001,25.148098,0,26900
2019-03-01T21:23:58.000Z,56.704365,25.148083,0,26900
2019-03-01T21:24:08.000Z,56.703712,25.14807,0,26910
2019-03-01T21:24:38.000Z,56.701753,25.14806,0,26920
2019-03-01T21:25:08.000Z,56.69979300000001,25.148008,0,26870
2019-03-01T21:25:58.000Z,56.696552,25.147932,0,26860
2019-03-01T21:26:37.000Z,56.694008,25.14786,0,26860
2019-03-01T21:26:47.000Z,56.693293,25.14784,0,26860
2019-03-01T21:26:58.000Z,56.69264,25.14782,0,26860
2019-03-01T21:27:19.000Z,56.691272,25.147785,0,26850
2019-03-01T21:27:47.000Z,56.689385,25.147737,0,26840
2019-03-01T21:28:00.000Z,56.688732,25.14772,0,26840
2019-03-01T21:28:20.000Z,56.68737700000001,25.147693,0,26830
2019-03-01T21:28:37.000Z,56.686215,25.147658,0,26850
2019-03-01T21:29:28.000Z,56.682862,25.14761,0,26880
2019-03-01T21:30:47.000Z,56.67776,25.147577,0,27060
2019-03-01T21:30:57.000Z,56.677113,25.147592000000003,0,27110
2019-03-01T21:31:48.000Z,56.673913,25.147717,0,27200
2019-03-01T21:31:57.000Z,56.673338,25.14773,0,27190
2019-03-01T21:32:08.000Z,56.672633,25.147752,0,27190
2019-03-01T21:32:19.000Z,56.67191500000001,25.147763,0,27180
2019-03-01T21:32:48.000Z,56.670045,25.147797,0,27150
2019-03-01T21:32:57.000Z,56.66940200000001,25.147815,0,27150
2019-03-01T21:33:08.000Z,56.668697,25.147832,0,27150
2019-03-01T21:33:18.000Z,56.668122,25.147845,0,27150
2019-03-01T21:33:28.000Z,56.66741700000001,25.14786,0,27150
2019-03-01T21:33:38.000Z,56.666842,25.147875,0,27150
2019-03-01T21:33:48.000Z,56.666203,25.147887,0,27130
2019-03-01T21:33:58.000Z,56.6655,25.147903,0,27130
2019-03-01T21:34:08.000Z,56.66486,25.147913,0,27120
2019-03-01T21:34:28.000Z,56.663645,25.14794,0,27120
2019-03-01T21:34:38.000Z,56.66300500000001,25.147953,0,27120
2019-03-01T21:34:48.000Z,56.662365,25.147968,0,27130
2019-03-01T21:34:59.000Z,56.661658,25.147982,0,27120
2019-03-01T21:35:08.000Z,56.66108199999999,25.147988,0,27100
2019-03-01T21:35:28.000Z,56.659803,25.148012,0,27110
2019-03-01T21:35:38.000Z,56.659162,25.14802,0,27100
2019-03-01T21:35:48.000Z,56.658522,25.148037,0,27110
2019-03-01T21:35:59.000Z,56.657822,25.148058,0,27130
2019-03-01T21:36:29.000Z,56.655967,25.148097,0,27130
2019-03-01T21:36:38.000Z,56.655327,25.148115,0,27130
2019-03-01T21:36:48.000Z,56.65469,25.148138,0,27140
2019-03-01T21:36:58.000Z,56.653992,25.148157,0,27150
2019-03-01T21:37:09.000Z,56.653422,25.148163,0,27150
2019-03-01T21:37:18.000Z,56.652722,25.148185,0,27160
2019-03-01T21:37:28.000Z,56.652143,25.148198,0,27150
2019-03-01T21:37:38.000Z,56.65150500000001,25.148207,0,27130
2019-03-01T21:37:48.000Z,56.650873,25.148218,0,27130
2019-03-01T21:37:58.000Z,56.650182,25.148225,0,27120
2019-03-01T21:38:08.000Z,56.649617000000006,25.148237,0,27120
2019-03-01T21:38:19.000Z,56.648923,25.148248,0,27120
2019-03-01T21:38:28.000Z,56.648357,25.148253,0,27110
2019-03-01T21:38:38.000Z,56.64773,25.148263,0,27110
2019-03-01T21:38:48.000Z,56.6471,25.14827,0,27100
2019-03-01T21:38:58.000Z,56.646412,25.148277,0,27100
2019-03-01T21:39:08.000Z,56.645847,25.148285,0,27110
2019-03-01T21:39:19.000Z,56.645157,25.148295,0,27120
2019-03-01T21:39:28.000Z,56.64459300000001,25.148302,0,27120
2019-03-01T21:39:37.000Z,56.644027,25.14831,0,27130
2019-03-01T21:39:48.000Z,56.64333000000001,25.148323,0,27130
2019-03-01T21:39:59.000Z,56.64262700000001,25.148337,0,27120
2019-03-01T21:40:08.000Z,56.642058,25.14834,0,27140
2019-03-01T21:40:18.000Z,56.641372,25.148355,0,27150
2019-03-01T21:40:28.000Z,56.64080300000001,25.148362,0,27120
2019-03-01T21:40:37.000Z,56.640235,25.148378,0,27130
2019-03-01T21:40:48.000Z,56.63954200000001,25.14839,0,27130
2019-03-01T21:41:00.000Z,56.63885,25.148403,0,27120
2019-03-01T21:41:08.000Z,56.638283,25.148415,0,27110
2019-03-01T21:41:19.000Z,56.63759200000001,25.14843,0,27120
2019-03-01T21:41:28.000Z,56.637025,25.148447,0,27110
2019-03-01T21:41:37.000Z,56.636458,25.148457,0,27100
2019-03-01T21:41:48.000Z,56.635763,25.148465,0,27100
2019-03-01T21:41:59.000Z,56.635073,25.148477,0,27080
2019-03-01T21:42:07.000Z,56.634513,25.148488,0,27080
2019-03-01T21:42:18.000Z,56.63387700000001,25.148495,0,27070
2019-03-01T21:42:28.000Z,56.633247,25.148513,0,27100
2019-03-01T21:42:37.000Z,56.63268299999999,25.148523,0,27100
2019-03-01T21:42:48.000Z,56.631988,25.148532,0,27100
2019-03-01T21:42:58.000Z,56.631298,25.148545,0,27110
2019-03-01T21:43:08.000Z,56.630733,25.148555,0,27110
2019-03-01T21:43:18.000Z,56.630107,25.148562,0,27110
2019-03-01T21:43:28.000Z,56.62948299999999,25.148572,0,27120
2019-03-01T21:43:37.000Z,56.62892,25.148585,0,27110
2019-03-01T21:43:48.000Z,56.628233,25.14859,0,27090
2019-03-01T21:43:58.000Z,56.627548,25.148593,0,27060
2019-03-01T21:44:07.000Z,56.626988,25.1486,0,27050
2019-03-01T21:44:18.000Z,56.626373,25.148605,0,27060
2019-03-01T21:44:21.000Z,56.622823,25.148615,21,27010
2019-03-01T21:44:21.000Z,56.622823,25.148615,21,27010
2019-03-01T21:44:38.000Z,56.62517,25.14861,0,27050
2019-03-01T21:44:48.000Z,56.62458,25.148618,0,27070
2019-03-01T21:45:07.000Z,56.62340500000001,25.148618,0,27030
2019-03-01T21:46:00.000Z,56.620512,25.148737,0,27400
2019-03-01T21:46:20.000Z,56.619503,25.148915,0,27820
2019-03-01T21:46:24.000Z,56.619202,25.148992,0,27990
2019-03-01T21:46:28.000Z,56.619,25.149048,0,28100
2019-03-01T21:46:35.000Z,56.61866,25.14916,0,28360
2019-03-01T21:46:42.000Z,56.618335,25.149283,0,28570
2019-03-01T21:46:54.000Z,56.6178,25.149528,0,29020
2019-03-01T21:46:58.000Z,56.61763000000001,25.149618,0,29180
2019-03-01T21:47:02.000Z,56.61746700000001,25.149712,0,29350
2019-03-01T21:47:15.000Z,56.616972,25.150048,0,29980
2019-03-01T21:47:22.000Z,56.616727,25.150242,0,30230
2019-03-01T21:47:28.000Z,56.61653199999999,25.150418,0,30520
2019-03-01T21:47:39.000Z,56.61623,25.150723,0,31000
2019-03-01T21:47:45.000Z,56.61604000000001,25.150952,0,31380
2019-03-01T21:47:52.000Z,56.615892,25.15115,0,31580
2019-03-01T21:47:57.000Z,56.615735,25.15139,0,31970
2019-03-01T21:48:08.000Z,56.615547,25.15174,0,32490
2019-03-01T21:48:14.000Z,56.615447,25.151957,0,32800
2019-03-01T21:48:24.000Z,56.61531,25.152325,0,33300
2019-03-01T21:48:37.000Z,56.615175,25.152812,0,33930
2019-03-01T21:48:48.000Z,56.615097,25.153228,0,34350
2019-03-01T21:48:58.000Z,56.615045,25.153607,0,34700
2019-03-01T21:49:18.000Z,56.615005,25.154353,0,35370
2019-03-01T21:49:37.000Z,56.615038,25.15505,0,35900
2019-03-01T21:49:48.000Z,56.615083,25.155443,0,140
2019-03-01T21:49:58.000Z,56.615137,25.155798,0,390
2019-03-01T21:50:08.000Z,56.61519200000001,25.156148,0,540
2019-03-01T21:50:17.000Z,56.615238,25.15646,0,690
2019-03-01T21:50:28.000Z,56.615312,25.156833,0,800
2019-03-01T21:50:37.000Z,56.615363,25.157138,0,850
2019-03-01T21:50:47.000Z,56.61541500000001,25.157497,0,810
2019-03-01T21:51:08.000Z,56.61549300000001,25.158132,0,650
2019-03-01T21:51:18.000Z,56.615523,25.158407,0,600
2019-03-01T21:51:28.000Z,56.61555300000001,25.158737,0,540
2019-03-01T21:51:37.000Z,56.615572,25.159,0,500
2019-03-01T21:51:49.000Z,56.61559200000001,25.159345,0,420
2019-03-01T21:51:58.000Z,56.615602,25.159595,0,340
2019-03-01T21:52:08.000Z,56.615602,25.159863,0,230
2019-03-01T21:52:17.000Z,56.615602,25.160097,0,130
2019-03-01T21:52:37.000Z,56.615577,25.160597,0,35900
2019-03-01T21:52:49.000Z,56.61555799999999,25.160883,0,35800
2019-03-01T21:52:58.000Z,56.615547,25.16109,0,35720
2019-03-01T21:53:08.000Z,56.61551800000001,25.161313,0,35590
2019-03-01T21:53:18.000Z,56.61549300000001,25.161503,0,35510
2019-03-01T21:53:28.000Z,56.61545699999999,25.16173,0,35400
2019-03-01T21:53:37.000Z,56.615427,25.161913,0,35330
2019-03-01T21:53:49.000Z,56.61539000000001,25.16215,0,35240
2019-03-01T21:53:58.000Z,56.61536,25.16232,0,35190
2019-03-01T21:54:08.000Z,56.615327,25.162507,0,35140
2019-03-01T21:54:27.000Z,56.615262,25.162865,0,35050
2019-03-01T21:54:39.000Z,56.61521,25.16306,0,34960
2019-03-01T21:55:27.000Z,56.615042,25.16383,0,34820
2019-03-01T21:55:47.000Z,56.61496999999999,25.1641,0,34810
2019-03-01T21:56:08.000Z,56.614897,25.164378,0,34770
2019-03-01T21:56:27.000Z,56.614848,25.164623,0,34760
2019-03-01T21:56:47.000Z,56.614803,25.164848000000006,0,34810
2019-03-01T21:57:08.000Z,56.61476,25.165095,0,34950
2019-03-01T21:57:27.000Z,56.614722,25.165317,0,35050
2019-03-01T21:57:47.000Z,56.61469200000001,25.165517,0,35090
2019-03-01T21:58:08.000Z,56.614663,25.165725,0,35120
2019-03-01T21:58:27.000Z,56.614638,25.165908,0,35150
2019-03-01T21:58:47.000Z,56.614615,25.166077,0,35220
2019-03-01T21:59:08.000Z,56.614598,25.166257,0,35370
2019-03-01T21:59:48.000Z,56.614597,25.166582,0,35880
2019-03-01T22:00:37.000Z,56.614642,25.166947,0,620
2019-03-01T22:01:48.000Z,56.61476999999999,25.167435,0,1520
2019-03-01T22:02:18.000Z,56.614847,25.167625,0,1890
2019-03-01T22:02:59.000Z,56.614952,25.167862,0,2450
2019-03-01T22:03:59.000Z,56.61516700000001,25.16816,0,3330
2019-03-01T22:04:47.000Z,56.615383,25.16838,0,3990
2019-03-01T22:05:17.000Z,56.615517,25.168502,0,4360
2019-03-01T22:05:58.000Z,56.615708,25.168663,0,4930
2019-03-01T22:06:27.000Z,56.615875,25.168768,0,5310
2019-03-01T22:06:58.000Z,56.616063,25.168868,0,5650
2019-03-01T22:07:27.000Z,56.61624499999999,25.168962,0,5940
2019-03-01T22:07:58.000Z,56.616437,25.169082,0,6160
2019-03-01T22:08:27.000Z,56.61664200000001,25.169168,0,6320
2019-03-01T22:08:48.000Z,56.616815,25.169235,0,6460
2019-03-01T22:09:19.000Z,56.617038,25.169322,0,6690
2019-03-01T22:09:49.000Z,56.617273,25.169395,0,6830
2019-03-01T22:10:18.000Z,56.617503,25.169473,0,6960
2019-03-01T22:10:49.000Z,56.617732,25.16955,0,7030
2019-03-01T22:11:18.000Z,56.617972,25.169617,0,7100
2019-03-01T22:12:00.000Z,56.61830500000001,25.169723,0,7210
2019-03-01T22:12:38.000Z,56.61861500000001,25.16981,0,7320
2019-03-01T22:12:58.000Z,56.618802,25.169857,0,7340
2019-03-01T22:13:28.000Z,56.619055,25.169925,0,7360
2019-03-01T22:13:58.000Z,56.61935500000001,25.170008,0,7430
2019-03-01T22:14:28.000Z,56.61961700000001,25.170072,0,7500
2019-03-01T22:14:49.000Z,56.61981,25.17011,0,7620
2019-03-01T22:15:09.000Z,56.619997,25.17015,0,7690
2019-03-01T22:15:37.000Z,56.620262,25.170202,0,7820
2019-03-01T22:15:58.000Z,56.62045300000001,25.170242,0,7870
2019-03-01T22:16:05.000Z,56.620093,25.170168,0,7730
2019-03-01T22:16:13.000Z,56.62056,25.170262,0,7920
2019-03-01T22:16:37.000Z,56.620777,25.170297,0,7980
2019-03-01T22:16:58.000Z,56.62096500000001,25.170322,0,8040
2019-03-01T22:17:19.000Z,56.62116500000001,25.17034,0,8130
2019-03-01T22:17:48.000Z,56.621445,25.170363,0,8160
2019-03-01T22:18:19.000Z,56.62169300000001,25.1704,0,8230
2019-03-01T22:18:58.000Z,56.622032,25.170445,0,8330
2019-03-01T22:19:19.000Z,56.62224000000001,25.170467,0,8380
2019-03-01T22:19:49.000Z,56.622537,25.170485,0,8450
2019-03-01T22:20:24.000Z,56.622825,25.170508,0,8510
2019-03-01T22:20:49.000Z,56.623102,25.170532,0,8600
2019-03-01T22:21:17.000Z,56.623342,25.170553,0,8660
2019-03-01T22:21:38.000Z,56.62355,25.170562,0,8710
2019-03-01T22:21:58.000Z,56.623758,25.170572,0,8770
2019-03-01T22:22:28.000Z,56.624037,25.170572,0,8890
2019-03-01T22:22:58.000Z,56.62429,25.17057,0,9020
2019-03-01T22:23:28.000Z,56.624567000000006,25.170568,0,9090
2019-03-01T22:23:58.000Z,56.624835,25.170568,0,9060
2019-03-01T22:24:29.000Z,56.625127,25.170568,0,9050
2019-03-01T22:24:48.000Z,56.62531800000001,25.170572,0,9090
2019-03-01T22:25:09.000Z,56.625528,25.170565,0,9170
2019-03-01T22:25:29.000Z,56.625745,25.170548,0,9290
2019-03-01T22:25:47.000Z,56.62594300000001,25.170535,0,9360
2019-03-01T22:26:08.000Z,56.626155,25.170523,0,9450
2019-03-01T22:26:28.000Z,56.626355,25.170515,0,9490
2019-03-01T22:26:58.000Z,56.62664300000001,25.170497,0,9610
2019-03-01T22:27:17.000Z,56.62684300000001,25.170475,0,9690
2019-03-01T22:27:39.000Z,56.62702700000001,25.170423,0,9700
2019-03-01T22:28:18.000Z,56.627382,25.170365,0,9800
2019-03-01T22:28:39.000Z,56.62759499999999,25.170333,0,9850
2019-03-01T22:29:09.000Z,56.62792,25.170287,0,9920
2019-03-01T22:29:27.000Z,56.62810699999999,25.170258,0,9950
2019-03-01T22:29:48.000Z,56.628315,25.17022,0,10030
2019-03-01T22:30:09.000Z,56.62854300000001,25.170173,0,10100
2019-03-01T22:30:39.000Z,56.62884,25.170117,0,10230
2019-03-01T22:31:17.000Z,56.629183,25.17004,0,10350
2019-03-01T22:31:39.000Z,56.629387,25.169993,0,10420
2019-03-01T22:32:07.000Z,56.629647,25.169932,0,10480
2019-03-01T22:32:48.000Z,56.630033,25.16984,0,10570
2019-03-01T22:33:17.000Z,56.630327,25.169753,0,10680
2019-03-01T22:33:57.000Z,56.630702,25.169647,0,10860
2019-03-01T22:34:27.000Z,56.631008,25.169542,0,10940
2019-03-01T22:35:07.000Z,56.63130500000001,25.169458,0,11020
2019-03-01T22:35:43.000Z,56.631587,25.169358,0,11060
2019-03-01T22:35:48.000Z,56.631780000000006,25.16929,0,11110
2019-03-01T22:36:08.000Z,56.63195500000001,25.169217,0,11160
2019-03-01T22:36:39.000Z,56.632262,25.169105,0,11220
2019-03-01T22:37:10.000Z,56.632533,25.169,0,11290
2019-03-01T22:37:39.000Z,56.632863,25.168878,0,11400
2019-03-01T22:37:57.000Z,56.63304300000001,25.168805,0,11430
2019-03-01T22:38:19.000Z,56.633267,25.16871,0,11470
2019-03-01T22:38:39.000Z,56.63347,25.168623,0,11540
2019-03-01T22:38:57.000Z,56.633647,25.168533,0,11630
2019-03-01T22:39:19.000Z,56.63385200000001,25.168428,0,11720
2019-03-01T22:39:49.000Z,56.634122,25.168298,0,11720
2019-03-01T22:40:09.000Z,56.634322,25.168193,0,11770
2019-03-01T22:40:39.000Z,56.63460799999999,25.168047,0,11880
2019-03-01T22:40:57.000Z,56.634772,25.167965,0,11960
2019-03-01T22:41:27.000Z,56.635038,25.167827,0,12060
2019-03-01T22:41:57.000Z,56.635278,25.167698,0,12140
2019-03-01T22:42:27.000Z,56.63554300000001,25.167567,0,12210
2019-03-01T22:42:48.000Z,56.635735,25.167473,0,12230
2019-03-01T22:43:18.000Z,56.635995,25.167315,0,12140
2019-03-01T22:43:47.000Z,56.636295,25.167162,0,12040
2019-03-01T22:44:09.000Z,56.63649300000001,25.167065,0,12100
2019-03-01T22:44:28.000Z,56.63665699999999,25.166958,0,12140
2019-03-01T22:44:57.000Z,56.636895,25.166805,0,12310
2019-03-01T22:45:18.000Z,56.63709,25.166703,0,12430
2019-03-01T22:45:38.000Z,56.63724499999999,25.166597,0,12520
2019-03-01T22:45:57.000Z,56.637425,25.166492,0,12540
2019-03-01T22:46:17.000Z,56.637593,25.166385,0,12560
2019-03-01T22:46:38.000Z,56.63776,25.166272,0,12560
2019-03-01T22:46:58.000Z,56.637928,25.166162,0,12550
2019-03-01T22:47:18.000Z,56.638077,25.166043,0,12650
2019-03-01T22:47:38.000Z,56.638238,25.165933,0,12650
2019-03-01T22:48:18.000Z,56.63862,25.165695,0,12620
2019-03-01T22:48:48.000Z,56.638885,25.165535,0,12650
2019-03-01T22:49:08.000Z,56.639042,25.165428,0,12680
2019-03-01T22:49:28.000Z,56.639213,25.165318,0,12730
2019-03-01T22:49:58.000Z,56.639415,25.165147,0,12730
2019-03-01T22:50:18.000Z,56.639608,25.165032,0,12710
2019-03-01T22:50:58.000Z,56.639945,25.1648,0,12760
2019-03-01T22:51:18.000Z,56.640102,25.164685,0,12730
2019-03-01T22:51:38.000Z,56.640273,25.164567,0,12730
2019-03-01T22:52:08.000Z,56.64051,25.16439,0,12820
2019-03-01T22:52:28.000Z,56.64066700000001,25.164268,0,12880
2019-03-01T22:52:48.000Z,56.64083,25.164145,0,12960
2019-03-01T22:53:08.000Z,56.640983,25.16403,0,13040
2019-03-01T22:53:28.000Z,56.641128,25.163908,0,13110
2019-03-01T22:53:48.000Z,56.641275,25.16379,0,13170
2019-03-01T22:54:07.000Z,56.641432,25.163672,0,13130
2019-03-01T22:54:28.000Z,56.641588,25.163545000000006,0,13090
2019-03-01T22:54:48.000Z,56.641738,25.163425,0,13050
2019-03-01T22:55:18.000Z,56.641983,25.163242,0,13030
2019-03-01T22:55:38.000Z,56.642137,25.16313,0,13060
2019-03-01T22:55:58.000Z,56.642293,25.163012,0,13010
2019-03-01T22:56:18.000Z,56.642462,25.16288,0,13080
2019-03-01T22:56:47.000Z,56.64261,25.16276,0,13100
2019-03-01T22:56:59.000Z,56.642773,25.162635,0,13080
2019-03-01T22:57:17.000Z,56.642923,25.162515,0,13090
2019-03-01T22:57:38.000Z,56.643103,25.162382,0,13120
2019-03-01T22:57:58.000Z,56.643267,25.162253,0,13230
2019-03-01T22:58:17.000Z,56.643412,25.162128,0,13310
2019-03-01T22:58:37.000Z,56.64355,25.162,0,13360
2019-03-01T22:58:59.000Z,56.643713,25.161853,0,13430
2019-03-01T22:59:17.000Z,56.643847,25.161737,0,13400
2019-03-01T22:59:37.000Z,56.643992,25.161612,0,13420
2019-03-01T23:00:47.000Z,56.644533,25.161135,0,13360
2019-03-01T23:01:17.000Z,56.644762,25.160935,0,13380
2019-03-01T23:01:37.000Z,56.64491,25.16079,0,13450
2019-03-01T23:01:59.000Z,56.64505,25.160653,0,13510
2019-03-01T23:02:28.000Z,56.645262,25.160467,0,13600
2019-03-01T23:02:59.000Z,56.645458,25.16028,0,13600
2019-03-01T23:03:29.000Z,56.64567,25.160102,0,13460
2019-03-01T23:04:00.000Z,56.645888,25.159915,0,13450
2019-03-01T23:04:29.000Z,56.646092,25.159737,0,13380
2019-03-01T23:04:59.000Z,56.646297,25.159568,0,13270
2019-03-01T23:05:19.000Z,56.646447,25.15946,0,13090
2019-03-01T23:05:39.000Z,56.646603000000006,25.159345,0,12950
2019-03-01T23:06:07.000Z,56.646818,25.159197,0,12800
2019-03-01T23:06:29.000Z,56.64700799999999,25.15906,0,12720
2019-03-01T23:06:58.000Z,56.647252,25.1589,0,12640
2019-03-01T23:07:18.000Z,56.64742800000001,25.158778,0,12720
2019-03-01T23:07:38.000Z,56.64758000000001,25.158667,0,12740
2019-03-01T23:07:58.000Z,56.647737,25.158553,0,12810
2019-03-01T23:08:57.000Z,56.648228,25.158202,0,12870
2019-03-01T23:09:28.000Z,56.64847,25.158023,0,12870
2019-03-01T23:09:48.000Z,56.648645,25.1579,0,12870
2019-03-01T23:10:18.000Z,56.648898,25.157717,0,12870
2019-03-01T23:10:38.000Z,56.649048,25.157608,0,12830
2019-03-01T23:10:58.000Z,56.64921,25.157492,0,12840
2019-03-01T23:11:18.000Z,56.649387,25.157373,0,12780
2019-03-01T23:11:38.000Z,56.649572,25.157262,0,12720
2019-03-01T23:11:57.000Z,56.649742,25.15713,0,12790
2019-03-01T23:12:18.000Z,56.649915,25.15701,0,12840
2019-03-01T23:12:38.000Z,56.650077,25.156882,0,12900
2019-03-01T23:12:57.000Z,56.650258,25.156762,0,12870
2019-03-01T23:13:18.000Z,56.65042800000001,25.156642,0,12890
2019-03-01T23:13:37.000Z,56.650588,25.156522,0,12900
2019-03-01T23:14:27.000Z,56.651008,25.15622,0,12890
2019-03-01T23:15:18.000Z,56.651415,25.155922,0,12950
2019-03-01T23:15:37.000Z,56.651572,25.15581,0,12920
2019-03-01T23:16:09.000Z,56.651825,25.15563,0,12910
2019-03-01T23:16:28.000Z,56.65199200000001,25.155512,0,12880
2019-03-01T23:16:49.000Z,56.652162,25.155395,0,12820
2019-03-01T23:17:08.000Z,56.65231800000001,25.155287,0,12760
2019-03-01T23:17:28.000Z,56.65249300000001,25.155153,0,12770
2019-03-01T23:17:48.000Z,56.652648,25.155042,0,12810
2019-03-01T23:18:08.000Z,56.652793,25.154938,0,12840
2019-03-01T23:18:28.000Z,56.652948,25.15483,0,12860
2019-03-01T23:18:58.000Z,56.65316,25.154685,0,12890
2019-03-01T23:19:39.000Z,56.653453000000006,25.154482,0,12870
2019-03-01T23:20:07.000Z,56.65365500000001,25.15433,0,12840
2019-03-01T23:20:39.000Z,56.65389,25.154167,0,12880
2019-03-01T23:21:07.000Z,56.654088,25.154017,0,12830
2019-03-01T23:21:47.000Z,56.65440200000001,25.1538,0,12800
2019-03-01T23:22:19.000Z,56.654647,25.153627,0,12760
2019-03-01T23:22:38.000Z,56.654812,25.153517,0,12770
2019-03-01T23:22:58.000Z,56.654967000000006,25.153413,0,12820
2019-03-01T23:23:18.000Z,56.655118,25.153303,0,12900
2019-03-01T23:23:47.000Z,56.655338,25.153147,0,12870
2019-03-01T23:24:08.000Z,56.655503,25.153017,0,12910
2019-03-01T23:24:28.000Z,56.655637,25.152893,0,12940
2019-03-01T23:24:47.000Z,56.65579,25.152782,0,13020
2019-03-01T23:25:19.000Z,56.656015,25.152585,0,13100
2019-03-01T23:26:09.000Z,56.656377,25.152333,0,13200
2019-03-01T23:26:55.000Z,56.656635,25.15212,0,13250
2019-03-01T23:27:28.000Z,56.65691800000001,25.15186,0,13160
2019-03-01T23:28:47.000Z,56.657463,25.151415,0,13230
2019-03-01T23:29:28.000Z,56.657762,25.151202,0,13170
2019-03-01T23:29:58.000Z,56.65796,25.151053,0,13140
2019-03-01T23:30:18.000Z,56.658105000000006,25.15094,0,13130
2019-03-01T23:30:47.000Z,56.658297,25.15078,0,13150
2019-03-01T23:31:28.000Z,56.65859200000001,25.150548,0,13120
2019-03-01T23:32:19.000Z,56.658905,25.15029,0,13210
2019-03-01T23:32:49.000Z,56.65911,25.15014,0,13180
2019-03-01T23:33:19.000Z,56.65932,25.149988,0,13130
2019-03-01T23:33:56.000Z,56.65949499999999,25.149837,0,13170
2019-03-01T23:34:20.000Z,56.659688,25.149668,0,13220
2019-03-01T23:35:10.000Z,56.660035,25.149403,0,13090
2019-03-01T23:36:05.000Z,56.660405,25.149137,0,12830
2019-03-01T23:36:39.000Z,56.660697,25.14895,0,12590
2019-03-01T23:37:19.000Z,56.66103,25.14876,0,12330
2019-03-01T23:37:39.000Z,56.66119200000001,25.148663,0,12290
2019-03-01T23:38:09.000Z,56.66145,25.148525,0,12130
2019-03-01T23:38:29.000Z,56.661537,25.148483,3,12130
2019-03-01T23:38:29.000Z,56.661537,25.148483,3,12130
2019-03-01T23:38:38.000Z,56.66170500000001,25.148388,0,12080
2019-03-01T23:38:57.000Z,56.66188,25.148292,0,12060
2019-03-01T23:39:27.000Z,56.662138,25.148158,0,12060
2019-03-01T23:39:49.000Z,56.66232,25.148062,0,12090
2019-03-01T23:40:10.000Z,56.662482,25.147977,0,12040
2019-03-01T23:40:39.000Z,56.66274,25.147845,0,11960
2019-03-01T23:40:57.000Z,56.662897,25.147757,0,11880
2019-03-01T23:41:18.000Z,56.663095,25.147652,0,11860
2019-03-01T23:41:38.000Z,56.663277,25.147555,0,11820
2019-03-01T23:42:18.000Z,56.663635,25.147395,0,11860
2019-03-01T23:42:38.000Z,56.663818000000006,25.147298000000006,0,11910
2019-03-01T23:43:09.000Z,56.664078,25.147165,0,12010
2019-03-01T23:43:40.000Z,56.664322,25.147035,0,12010
2019-03-01T23:44:09.000Z,56.664563,25.146908,0,12110
2019-03-01T23:44:38.000Z,56.664812,25.146785,0,12130
2019-03-01T23:45:12.000Z,56.66506,25.146658,0,12120
2019-03-01T23:45:38.000Z,56.66530699999999,25.146517000000006,0,12120
2019-03-01T23:45:59.000Z,56.66549300000001,25.146423,0,12110
2019-03-01T23:46:18.000Z,56.66565500000001,25.146335,0,12160
2019-03-01T23:46:39.000Z,56.665827,25.146243,0,12200
2019-03-01T23:47:07.000Z,56.666047,25.146105,0,12260
2019-03-01T23:47:38.000Z,56.666282,25.145957,0,12260
2019-03-01T23:48:06.000Z,56.66644300000001,25.145863,0,12230
2019-03-01T23:48:47.000Z,56.666848,25.145707,0,11340
2019-03-01T23:49:08.000Z,56.66704,25.145667,0,10740
2019-03-01T23:49:38.000Z,56.66734,25.145627,0,9920
2019-03-01T23:49:59.000Z,56.667528,25.145622,0,9460
2019-03-01T23:50:27.000Z,56.667815,25.145635,0,8900
2019-03-01T23:50:59.000Z,56.668142,25.145675,0,8310
2019-03-01T23:51:27.000Z,56.66843000000001,25.145737,0,7820
2019-03-01T23:51:59.000Z,56.668618,25.1458,0,7500
2019-03-01T23:52:09.000Z,56.668835,25.14587,0,7230
2019-03-01T23:52:47.000Z,56.669208,25.146045,0,6580
2019-03-01T23:53:08.000Z,56.6694,25.146147,0,6190
2019-03-01T23:53:37.000Z,56.669665,25.146303,0,5690
2019-03-01T23:53:58.000Z,56.669845,25.146427,0,5380
2019-03-01T23:54:19.000Z,56.670012,25.146562,0,4930
2019-03-01T23:54:38.000Z,56.67015,25.146687,0,4590
2019-03-01T23:55:00.000Z,56.670283,25.146838,0,4230
2019-03-01T23:55:20.000Z,56.670422,25.147007,0,3880
2019-03-01T23:55:38.000Z,56.670532,25.147165,0,3550
2019-03-01T23:56:00.000Z,56.67064499999999,25.147338,0,3280
2019-03-01T23:56:19.000Z,56.67075300000001,25.147532,0,2940
2019-03-01T23:56:37.000Z,56.670833,25.147693,0,2690
2019-03-01T23:57:08.000Z,56.670953,25.147977,0,2220
2019-03-01T23:57:28.000Z,56.67103,25.148175,0,1930
2019-03-01T23:57:47.000Z,56.671087,25.14836,0,1660
2019-03-01T23:58:08.000Z,56.671123,25.148567,0,1200
2019-03-01T23:58:28.000Z,56.67115,25.148782,0,730
2019-03-01T23:58:48.000Z,56.671158,25.148977,0,380
2019-03-01T23:59:18.000Z,56.671148,25.149298,0,35860
2019-03-01T23:59:37.000Z,56.67113000000001,25.149485,0,35640
2019-03-01T23:59:58.000Z,56.671095,25.149708,0,35370
2019-03-02T00:00:18.000Z,56.67105,25.149925,0,35080
2019-03-02T00:00:37.000Z,56.671013,25.150132,0,35000
2019-03-02T00:00:58.000Z,56.67096700000001,25.150365,0,34980
2019-03-02T00:01:18.000Z,56.670913,25.150597,0,34930
2019-03-02T00:01:37.000Z,56.670857,25.150825,0,34830
2019-03-02T00:02:00.000Z,56.670768,25.151113,0,34550
2019-03-02T00:02:19.000Z,56.670665,25.151385,0,34190
2019-03-02T00:02:37.000Z,56.67054,25.15168,0,33970
2019-03-02T00:02:59.000Z,56.670375,25.15204,0,33720
2019-03-02T00:03:27.000Z,56.67009300000001,25.152542,0,33320
2019-03-02T00:03:59.000Z,56.669723,25.153102,0,32950
2019-03-02T00:04:38.000Z,56.66919300000001,25.153833,0,32640
2019-03-02T00:04:47.000Z,56.66905799999999,25.154005,0,32580
2019-03-02T00:05:21.000Z,56.668595,25.154612,0,32550
2019-03-02T00:05:39.000Z,56.668262,25.155067000000006,0,32610
2019-03-02T00:05:47.000Z,56.66811800000001,25.155268,0,32630
2019-03-02T00:05:59.000Z,56.667903,25.155552,0,32590
2019-03-02T00:06:17.000Z,56.66758299999999,25.155953,0,32440
2019-03-02T00:06:38.000Z,56.667188,25.15641,0,32240
2019-03-02T00:06:58.000Z,56.666797,25.156882,0,32240
2019-03-02T00:07:17.000Z,56.666457,25.157298,0,32260
2019-03-02T00:07:59.000Z,56.665625,25.158272,0,32210
2019-03-02T00:08:17.000Z,56.665252,25.158688,0,32150
2019-03-02T00:08:40.000Z,56.664807,25.159177,0,32070
2019-03-02T00:09:01.000Z,56.664338,25.159663,0,31960
2019-03-02T00:09:19.000Z,56.663935,25.160072,0,31850
2019-03-02T00:09:58.000Z,56.662958,25.16101,0,31660
2019-03-02T00:10:17.000Z,56.662542,25.161408,0,31630
2019-03-02T00:10:38.000Z,56.66204499999999,25.161878,0,31610
2019-03-02T00:10:48.000Z,56.66180799999999,25.162103,0,31600
2019-03-02T00:10:57.000Z,56.661593,25.162302,0,31600
2019-03-02T00:11:17.000Z,56.661117,25.162753,0,31630
2019-03-02T00:11:38.000Z,56.660605,25.16324,0,31610
2019-03-02T00:11:48.000Z,56.660357,25.16347,0,31570
2019-03-02T00:12:17.000Z,56.65962800000001,25.164132,0,31460
2019-03-02T00:12:39.000Z,56.65906500000001,25.164628,0,31400
2019-03-02T00:12:57.000Z,56.6586,25.165042,0,31410
2019-03-02T00:13:19.000Z,56.65806,25.165528,0,31450
2019-03-02T00:13:39.000Z,56.657523,25.16601,0,31490
2019-03-02T00:13:48.000Z,56.657295,25.166220000000006,0,31510
2019-03-02T00:14:39.000Z,56.65600799999999,25.167425,0,31580
2019-03-02T00:14:48.000Z,56.65577800000001,25.167642,0,31580
2019-03-02T00:14:59.000Z,56.655552,25.167852,0,31550
2019-03-02T00:15:09.000Z,56.65527,25.168115,0,31550
2019-03-02T00:15:19.000Z,56.655022,25.168338,0,31520
2019-03-02T00:15:39.000Z,56.65449200000001,25.168822,0,31490
2019-03-02T00:15:57.000Z,56.654028,25.169237,0,31470
2019-03-02T00:16:18.000Z,56.653478,25.169717,0,31440
2019-03-02T00:16:28.000Z,56.653215,25.169953,0,31450
2019-03-02T00:16:57.000Z,56.652437,25.17067,0,31500
2019-03-02T00:17:08.000Z,56.65215,25.17093,0,31500
2019-03-02T00:17:18.000Z,56.65189,25.171165,0,31500
2019-03-02T00:17:37.000Z,56.65163199999999,25.1714,0,31490
2019-03-02T00:17:48.000Z,56.651105,25.171868,0,31430
2019-03-02T00:17:58.000Z,56.65081,25.172122,0,31390
2019-03-02T00:18:08.000Z,56.65057,25.172333,0,31390
2019-03-02T00:18:41.000Z,56.649772,25.173042,0,31410
2019-03-02T00:18:58.000Z,56.64921800000001,25.173548,0,31440
2019-03-02T00:19:08.000Z,56.648983,25.173765,0,31460
2019-03-02T00:19:38.000Z,56.6482,25.174487,0,31490
2019-03-02T00:19:48.000Z,56.64794300000001,25.174728,0,31520
2019-03-02T00:19:58.000Z,56.64765799999999,25.174988,0,31530
2019-03-02T00:20:09.000Z,56.64742,25.175203,0,31510
2019-03-02T00:20:18.000Z,56.647158,25.175438,0,31490
2019-03-02T00:20:38.000Z,56.646658,25.175885,0,31450
2019-03-02T00:20:48.000Z,56.646363,25.176143,0,31430
2019-03-02T00:21:37.000Z,56.645045,25.177262,0,31300
2019-03-02T00:21:49.000Z,56.644722,25.177535,0,31300
2019-03-02T00:22:08.000Z,56.64420500000001,25.177957,0,31250
2019-03-02T00:22:18.000Z,56.643928,25.17818,0,31190
2019-03-02T00:22:39.000Z,56.643395,25.178598,0,31090
2019-03-02T00:22:50.000Z,56.643058,25.178858,0,31050
2019-03-02T00:22:57.000Z,56.64283199999999,25.179028,0,31040
2019-03-02T00:23:28.000Z,56.641985,25.179642,0,30930
2019-03-02T00:23:37.000Z,56.641697,25.17985,0,30910
2019-03-02T00:23:48.000Z,56.641348,25.180098,0,30870
2019-03-02T00:23:57.000Z,56.641115,25.180267,0,30850
2019-03-02T00:24:20.000Z,56.640493000000006,25.180708,0,30810
2019-03-02T00:24:28.000Z,56.640223,25.180895,0,30780
2019-03-02T00:24:38.000Z,56.639897,25.181127,0,30760
2019-03-02T00:24:57.000Z,56.639325,25.181518,0,30720
2019-03-02T00:25:27.000Z,56.638433,25.18213,0,30730
2019-03-02T00:25:38.000Z,56.638108,25.182352,0,30750
2019-03-02T00:25:49.000Z,56.63779200000001,25.18258,0,30760
2019-03-02T00:25:57.000Z,56.637557,25.182748,0,30760
2019-03-02T00:26:17.000Z,56.636973,25.183157,0,30750
2019-03-02T00:26:38.000Z,56.636352,25.18359,0,30740
2019-03-02T00:26:57.000Z,56.635778,25.183988,0,30800
2019-03-02T00:27:17.000Z,56.63521,25.184420000000006,0,30860
2019-03-02T00:27:38.000Z,56.63461700000001,25.184875,0,30930
2019-03-02T00:27:49.000Z,56.634312,25.185115,0,30990
2019-03-02T00:27:57.000Z,56.63409,25.185293,0,31020
2019-03-02T00:28:17.000Z,56.633513,25.185753,0,31090
2019-03-02T00:28:39.000Z,56.632913,25.186253,0,31190
2019-03-02T00:28:48.000Z,56.63266700000001,25.186458,0,31220
2019-03-02T00:28:57.000Z,56.632422,25.186668,0,31260
2019-03-02T00:29:28.000Z,56.631558,25.187392000000006,0,31240
2019-03-02T00:29:39.000Z,56.631258,25.187638,0,31220
2019-03-02T00:29:48.000Z,56.631007,25.18784,0,31190
2019-03-02T00:29:59.000Z,56.630702,25.188088,0,31170
2019-03-02T00:30:48.000Z,56.62934300000001,25.18919,0,31160
2019-03-02T00:31:09.000Z,56.628778,25.189643,0,31160
2019-03-02T00:32:09.000Z,56.627223,25.1908,0,30860
2019-03-02T00:32:39.000Z,56.626482,25.191287,0,30660
2019-03-02T00:32:49.000Z,56.626268,25.191425,0,30590
2019-03-02T00:33:09.000Z,56.62577,25.191722,0,30390
2019-03-02T00:33:39.000Z,56.625085,25.1921,0,30130
2019-03-02T00:33:48.000Z,56.624883,25.192202,0,30060
2019-03-02T00:34:19.000Z,56.624242,25.192517,0,29980
2019-03-02T00:35:07.000Z,56.623308,25.19298,0,29780
2019-03-02T00:35:18.000Z,56.62311,25.19307,0,29720
2019-03-02T00:35:39.000Z,56.622737,25.19322,0,29520
2019-03-02T00:35:57.000Z,56.62245,25.193323,0,29340
2019-03-02T00:36:18.000Z,56.62215,25.193423000000006,0,29130
2019-03-02T00:36:42.000Z,56.62185699999999,25.193515,0,28940
2019-03-02T00:37:01.000Z,56.621603,25.193583,0,28800
2019-03-02T00:37:18.000Z,56.621358,25.193642,0,28600
2019-03-02T00:37:39.000Z,56.62111700000001,25.193687,0,28300
2019-03-02T00:37:59.000Z,56.620927,25.193717000000003,0,28100
2019-03-02T00:38:18.000Z,56.620743,25.193737,0,27860
2019-03-02T00:38:52.000Z,56.620497,25.193743,0,27410
2019-03-02T00:39:18.000Z,56.620303,25.193735,0,26840
2019-03-02T00:39:57.000Z,56.62009000000001,25.193678,0,25840
2019-03-02T00:40:39.000Z,56.61989300000001,25.193593,0,24320
2019-03-02T00:41:39.000Z,56.619783,25.19342,0,21290
2019-03-02T00:42:27.000Z,56.619792,25.193227,0,17850
2019-03-02T00:43:18.000Z,56.61989499999999,25.192962,0,15730
2019-03-02T00:43:38.000Z,56.619973,25.192853,2,15180
2019-03-02T00:43:38.000Z,56.619973,25.192853,2,15180
2019-03-02T00:43:59.000Z,56.620027,25.192793,0,14920
2019-03-02T00:46:38.000Z,56.621048,25.191813,0,13100
2019-03-02T00:46:58.000Z,56.62121,25.19169,0,12980
2019-03-02T00:47:18.000Z,56.62136,25.19158,0,12910
2019-03-02T00:47:37.000Z,56.621512,25.19148,0,12810
2019-03-02T00:47:59.000Z,56.621675,25.191378,0,12680
2019-03-02T00:48:18.000Z,56.621837,25.191282,0,12570
2019-03-02T00:49:29.000Z,56.622488,25.190873,3,12400
2019-03-02T00:49:29.000Z,56.622488,25.190873,3,12400
2019-03-02T00:59:59.000Z,56.627888,25.188115,0,11490
2019-03-02T01:01:27.000Z,56.628702,25.187817000000006,0,11090
2019-03-02T01:02:08.000Z,56.629103,25.187687,0,10970
2019-03-02T01:02:37.000Z,56.62939,25.187597,0,10940
2019-03-02T01:03:08.000Z,56.629672,25.187512,0,10950
2019-03-02T01:03:37.000Z,56.629948,25.187437,0,10950
2019-03-02T01:03:58.000Z,56.630152,25.187363,0,10920
2019-03-02T01:04:18.000Z,56.630345,25.187303,0,10920
2019-03-02T01:04:39.000Z,56.63053299999999,25.187247,0,10900
2019-03-02T01:05:08.000Z,56.630802,25.187175,0,10890
2019-03-02T01:05:37.000Z,56.631052,25.187085,0,10920
2019-03-02T01:06:37.000Z,56.631562,25.186917,3,10880
2019-03-02T01:06:37.000Z,56.631562,25.186917,3,10880
2019-03-02T01:10:29.000Z,56.633478,25.18644,0,10200
2019-03-02T01:11:38.000Z,56.634187,25.186298,0,10180
2019-03-02T01:12:38.000Z,56.634682,25.186205,0,10200
2019-03-02T01:13:08.000Z,56.634912,25.186152,0,10150
2019-03-02T01:13:38.000Z,56.635138,25.186127,0,10100
2019-03-02T01:14:18.000Z,56.63544200000001,25.186083,0,9990
2019-03-02T01:14:57.000Z,56.63571700000001,25.186043,0,9950
2019-03-02T01:15:49.000Z,56.636122,25.185977,0,9980
2019-03-02T01:16:18.000Z,56.636373,25.185935,0,9950
2019-03-02T01:16:48.000Z,56.636633,25.1859,0,9850
2019-03-02T01:17:23.000Z,56.636908,25.185863,0,9760
2019-03-02T01:17:49.000Z,56.637157,25.185838,0,9770
2019-03-02T01:18:39.000Z,56.637585,25.185775,0,9830
2019-03-02T01:19:07.000Z,56.63781,25.185753,0,9810
2019-03-02T01:19:30.000Z,56.637967,25.185737,2,9820
2019-03-02T01:19:30.000Z,56.637967,25.185737,2,9820
2019-03-02T01:34:38.000Z,56.64478,25.184933,0,9720
2019-03-02T01:35:29.000Z,56.64515,25.184885,2,9750
2019-03-02T01:35:29.000Z,56.64515,25.184885,2,9750
2019-03-02T01:36:27.000Z,56.64549,25.184837,0,9860
2019-03-02T01:38:29.000Z,56.646375,25.184708,2,9860
2019-03-02T01:38:29.000Z,56.646375,25.184708,2,9860
2019-03-02T01:41:16.000Z,56.646923,25.184628,0,9770
2019-03-02T01:41:47.000Z,56.64785500000001,25.184528,0,9640
2019-03-02T01:42:17.000Z,56.64808000000001,25.184512,0,9620
2019-03-02T01:46:08.000Z,56.649752,25.184367,2,9500
2019-03-02T01:46:08.000Z,56.649752,25.184367,2,9500
2019-03-02T01:56:58.000Z,56.654898,25.184048,0,9160
2019-03-02T01:57:19.000Z,56.655058,25.184053,2,9170
2019-03-02T01:57:19.000Z,56.655058,25.184053,2,9170
2019-03-02T02:03:19.000Z,56.658127,25.183993,0,10060
2019-03-02T02:05:48.000Z,56.659585,25.183187,0,12710
2019-03-02T02:06:37.000Z,56.660085,25.182882,0,12480
2019-03-02T02:07:58.000Z,56.66088000000001,25.182412,0,12290
2019-03-02T02:08:19.000Z,56.661092,25.182292,0,12200
2019-03-02T02:08:39.000Z,56.661267,25.182202,0,12140
2019-03-02T02:09:37.000Z,56.661832,25.181902,3,12070
2019-03-02T02:09:37.000Z,56.661832,25.181902,3,12070
2019-03-02T02:14:30.000Z,56.66374,25.180943,0,11660
2019-03-02T02:24:58.000Z,56.67018,25.178883,0,10320
2019-03-02T02:25:58.000Z,56.67076700000001,25.178763,0,10290
2019-03-02T02:26:47.000Z,56.67120500000001,25.178682,0,10300
2019-03-02T02:27:08.000Z,56.671398,25.178643,0,10220
2019-03-02T02:27:28.000Z,56.671598,25.178602,0,10200
2019-03-02T02:28:08.000Z,56.67198199999999,25.178487,0,10160
2019-03-02T02:28:29.000Z,56.672185,25.178457,3,10130
2019-03-02T02:28:29.000Z,56.672185,25.178457,3,10130
2019-03-02T02:30:39.000Z,56.673272,25.178342,0,9920
2019-03-02T02:46:27.000Z,56.68159300000001,25.177173,0,10240
2019-03-02T02:47:28.000Z,56.682063,25.177083,0,10090
2019-03-02T02:48:28.000Z,56.682538,25.177017000000006,0,10020
2019-03-02T02:49:09.000Z,56.682863,25.176963,0,9980
2019-03-02T02:50:09.000Z,56.683382,25.176892,0,9800
2019-03-02T02:51:19.000Z,56.683965,25.176832,0,9670
2019-03-02T02:52:09.000Z,56.68436,25.17678,0,9780
2019-03-02T02:52:47.000Z,56.684652,25.176747,0,9790
2019-03-02T02:53:19.000Z,56.68488000000001,25.176718,0,9750
2019-03-02T02:53:47.000Z,56.68509,25.176698,0,9650
2019-03-02T02:54:42.000Z,56.685507,25.176655,0,9640
2019-03-02T02:55:09.000Z,56.685735,25.176632,0,9650
2019-03-02T02:55:47.000Z,56.686013,25.176608,0,9600
2019-03-02T02:56:38.000Z,56.686297,25.17659,0,9560
2019-03-02T02:57:08.000Z,56.68657,25.176572,0,9690
2019-03-02T02:57:48.000Z,56.686832,25.176537,0,9750
2019-03-02T02:58:39.000Z,56.687163,25.176482,0,9850
2019-03-02T02:59:08.000Z,56.687362,25.17646,0,9850
2019-03-02T02:59:39.000Z,56.687578,25.176442,0,9760
2019-03-02T03:00:40.000Z,56.688023,25.176392,0,9830
2019-03-02T03:01:39.000Z,56.688475,25.176325,0,9730
2019-03-02T03:02:39.000Z,56.68884300000001,25.176287,0,9650
2019-03-02T03:03:19.000Z,56.689068000000006,25.17626,2,9570
2019-03-02T03:03:19.000Z,56.689068000000006,25.17626,2,9570
2019-03-02T03:16:48.000Z,56.69379,25.175553,0,10240
2019-03-02T03:17:59.000Z,56.69423199999999,25.175458,2,10380
2019-03-02T03:17:59.000Z,56.69423199999999,25.175458,2,10380
2019-03-02T03:21:17.000Z,56.695545,25.175122,0,10400
2019-03-02T03:21:57.000Z,56.695735,25.175082,0,10310
2019-03-02T03:22:31.000Z,56.695488,25.175135,0,10420
2019-03-02T03:22:57.000Z,56.69616800000001,25.174992,0,10270
2019-03-02T03:23:57.000Z,56.696562,25.174888,0,10390
2019-03-02T03:25:48.000Z,56.697222,25.174743,0,10530
2019-03-02T03:26:18.000Z,56.69742,25.174705,0,10450
2019-03-02T03:26:48.000Z,56.697622,25.174657,0,10340
2019-03-02T03:28:48.000Z,56.698375,25.174502,0,10300
2019-03-02T03:29:48.000Z,56.698793,25.174417,0,10160
2019-03-02T03:32:28.000Z,56.699812,25.1742,2,10460
2019-03-02T03:32:28.000Z,56.699812,25.1742,2,10460
2019-03-02T03:42:46.000Z,56.70428199999999,25.173255,2,10110
2019-03-02T03:42:46.000Z,56.70428199999999,25.173255,2,10110
2019-03-02T03:48:37.000Z,56.706935,25.172785,0,10020
2019-03-02T03:50:08.000Z,56.707647,25.172682,0,9960
2019-03-02T03:50:48.000Z,56.707935,25.172647,0,9890
2019-03-02T03:52:07.000Z,56.708457,25.172577,0,9860
2019-03-02T03:52:47.000Z,56.70871700000001,25.172533,0,9830
2019-03-02T03:53:07.000Z,56.708838,25.17252,2,9840
2019-03-02T03:53:07.000Z,56.708838,25.17252,2,9840
2019-03-02T03:56:48.000Z,56.710237,25.172098,0,12580
2019-03-02T03:58:28.000Z,56.71083,25.171388,0,14800
2019-03-02T03:59:08.000Z,56.711022,25.171015,4,15540
2019-03-02T03:59:08.000Z,56.711022,25.171015,4,15540
2019-03-02T04:02:37.000Z,56.711513,25.169017,0,17040
2019-03-02T04:03:17.000Z,56.711572,25.168687,0,17130
2019-03-02T04:03:48.000Z,56.711615,25.168427,0,17080
2019-03-02T04:04:11.000Z,56.711572,25.168687,0,17130
2019-03-02T04:04:28.000Z,56.71166,25.168133,3,17180
2019-03-02T04:04:28.000Z,56.71166,25.168133,3,17180
2019-03-02T04:16:27.000Z,56.712883,25.163958,2,15100
2019-03-02T04:16:27.000Z,56.712883,25.163958,2,15100
2019-03-02T04:23:39.000Z,56.714505,25.162172,0,13540
2019-03-02T04:24:18.000Z,56.714683,25.162012,2,13450
2019-03-02T04:24:18.000Z,56.714683,25.162012,2,13450
2019-03-02T04:52:19.000Z,56.724257,25.15613,0,12560
2019-03-02T05:26:17.000Z,56.733087,25.146685,5,20350
2019-03-02T05:26:17.000Z,56.733087,25.146685,5,20350
2019-03-02T05:28:54.000Z,56.732335,25.14575,0,21880
2019-03-02T05:30:18.000Z,56.73109300000001,25.144503,0,22440
2019-03-02T05:30:47.000Z,56.730880000000006,25.14431,0,22520
2019-03-02T05:31:27.000Z,56.730575,25.144048,0,22650
2019-03-02T05:32:38.000Z,56.730088,25.143648,0,22870
2019-03-02T05:33:18.000Z,56.729827,25.143455,0,23030
2019-03-02T05:33:48.000Z,56.72963299999999,25.143322,0,23140
2019-03-02T05:34:28.000Z,56.729402,25.143153,0,23270
2019-03-02T05:35:08.000Z,56.729133,25.143003,0,24000
2019-03-02T05:35:37.000Z,56.72886800000001,25.14291,0,24640
2019-03-02T05:36:08.000Z,56.72859,25.142823,0,25070
2019-03-02T05:36:29.000Z,56.728352,25.142757,0,25260
