timestamp,longitude,latitude,speed,direction
2019-03-04T02:35:55.000Z,55.066808,25.026057,0,25890
2019-03-04T02:35:55.000Z,55.066808,25.026057,0,25890
2019-03-04T02:44:55.000Z,55.066778,25.025997,0,25890
2019-03-04T02:44:55.000Z,55.066778,25.025997,0,25890
2019-03-04T02:47:56.000Z,55.06679200000001,25.02599,0,25890
2019-03-04T02:47:56.000Z,55.06679200000001,25.02599,0,25890
2019-03-04T03:00:03.000Z,55.066827,25.025988,0,25890
2019-03-04T03:00:03.000Z,55.066827,25.025988,0,25890
2019-03-04T03:08:56.000Z,55.066782,25.026002,0,25890
2019-03-04T03:08:56.000Z,55.066782,25.026002,0,25890
2019-03-04T03:11:57.000Z,55.066772,25.026020000000006,0,25890
2019-03-04T03:11:57.000Z,55.066772,25.026020000000006,0,25890
2019-03-04T03:17:56.000Z,55.066768,25.025988,0,25900
2019-03-04T03:17:56.000Z,55.066768,25.025988,0,25900
2019-03-04T03:23:56.000Z,55.066783,25.02598,0,25900
2019-03-04T03:23:56.000Z,55.066783,25.02598,0,25900
2019-03-04T03:29:57.000Z,55.066785,25.025988,0,25900
2019-03-04T03:29:57.000Z,55.066785,25.025988,0,25900
2019-03-04T03:35:56.000Z,55.066787,25.025988,0,25900
2019-03-04T03:35:56.000Z,55.066787,25.025988,0,25900
2019-03-04T03:44:57.000Z,55.066782,25.026008,0,25900
2019-03-04T03:44:57.000Z,55.066782,25.026008,0,25900
2019-03-04T03:50:57.000Z,55.066772,25.026013,0,25900
2019-03-04T03:50:57.000Z,55.066772,25.026013,0,25900
2019-03-04T03:56:57.000Z,55.066777,25.026015,0,25900
2019-03-04T03:56:57.000Z,55.066777,25.026015,0,25900
2019-03-04T04:02:57.000Z,55.066775,25.026007,0,25900
2019-03-04T04:02:57.000Z,55.066775,25.026007,0,25900
2019-03-04T04:08:58.000Z,55.06677,25.026007,0,25900
2019-03-04T04:08:58.000Z,55.06677,25.026007,0,25900
2019-03-04T04:17:58.000Z,55.066783,25.026025,0,25890
2019-03-04T04:17:58.000Z,55.066783,25.026025,0,25890
2019-03-04T04:23:58.000Z,55.06681,25.02609,0,25890
2019-03-04T04:23:58.000Z,55.06681,25.02609,0,25890
2019-03-04T04:29:58.000Z,55.066812,25.02604,0,25890
2019-03-04T04:29:58.000Z,55.066812,25.02604,0,25890
2019-03-04T04:35:58.000Z,55.066803,25.026020000000006,0,7890
2019-03-04T04:35:58.000Z,55.066803,25.026020000000006,0,7890
2019-03-04T04:48:07.000Z,55.066797,25.026,0,25890
2019-03-04T04:48:07.000Z,55.066797,25.026,0,25890
2019-03-04T04:57:00.000Z,55.066768,25.025987,0,25890
2019-03-04T04:57:00.000Z,55.066768,25.025987,0,25890
2019-03-04T05:03:00.000Z,55.066763,25.025992,0,25900
2019-03-04T05:03:00.000Z,55.066763,25.025992,0,25900
2019-03-04T05:06:01.000Z,55.06675300000001,25.025987,0,25900
2019-03-04T05:06:01.000Z,55.06675300000001,25.025987,0,25900
2019-03-04T05:12:00.000Z,55.066762,25.026003,0,25900
2019-03-04T05:12:00.000Z,55.066762,25.026003,0,25900
2019-03-04T05:21:01.000Z,55.066765,25.025993,0,25900
2019-03-04T05:21:01.000Z,55.066765,25.025993,0,25900
2019-03-04T05:27:00.000Z,55.066763,25.026,0,25900
2019-03-04T05:27:00.000Z,55.066763,25.026,0,25900
2019-03-04T05:33:00.000Z,55.06676700000001,25.026007,0,25900
2019-03-04T05:33:00.000Z,55.06676700000001,25.026007,0,25900
2019-03-04T05:36:01.000Z,55.066762,25.026005,0,25900
2019-03-04T05:36:01.000Z,55.066762,25.026005,0,25900
2019-03-04T05:42:00.000Z,55.06675799999999,25.026005,0,25900
2019-03-04T05:42:00.000Z,55.06675799999999,25.026005,0,25900
2019-03-04T05:42:00.000Z,55.06675799999999,25.026005,0,25900
2019-03-04T05:45:00.000Z,55.06675300000001,25.02601,0,25900
2019-03-04T05:48:01.000Z,55.06676,25.026003,0,25900
2019-03-04T05:48:01.000Z,55.06676,25.026003,0,25900
2019-03-04T05:48:01.000Z,55.06676,25.026003,0,25900
2019-03-04T05:48:01.000Z,55.06676,25.026003,0,25900
2019-03-04T05:54:01.000Z,55.06676,25.026005,0,25900
2019-03-04T05:54:01.000Z,55.06676,25.026005,0,25900
2019-03-04T05:54:01.000Z,55.06676,25.026005,0,25900
2019-03-04T05:54:01.000Z,55.06676,25.026005,0,25900
2019-03-04T05:57:01.000Z,55.06677,25.026007,0,25900
2019-03-04T06:00:01.000Z,55.066777,25.026008,0,25900
2019-03-04T06:00:01.000Z,55.066777,25.026008,0,25900
2019-03-04T06:00:01.000Z,55.066777,25.026008,0,25900
2019-03-04T06:00:01.000Z,55.066777,25.026008,0,25900
2019-03-04T06:03:09.000Z,55.066788,25.026005,0,25900
2019-03-04T06:06:01.000Z,55.066777,25.026007,0,25900
2019-03-04T06:06:01.000Z,55.066777,25.026007,0,25900
2019-03-04T06:06:01.000Z,55.066777,25.026007,0,25900
2019-03-04T06:06:01.000Z,55.066777,25.026007,0,25900
2019-03-04T06:09:12.000Z,55.06676,25.026018,0,25900
2019-03-04T06:12:02.000Z,55.066768,25.026003,0,25900
2019-03-04T06:12:02.000Z,55.066768,25.026003,0,25900
2019-03-04T06:12:02.000Z,55.066768,25.026003,0,25900
2019-03-04T06:12:02.000Z,55.066768,25.026003,0,25900
2019-03-04T06:18:02.000Z,55.066768,25.026002,0,25900
2019-03-04T06:18:02.000Z,55.066768,25.026002,0,25900
2019-03-04T06:18:02.000Z,55.066768,25.026002,0,25900
2019-03-04T06:18:02.000Z,55.066768,25.026002,0,25900
2019-03-04T06:24:09.000Z,55.066785,25.026002,0,25900
2019-03-04T06:27:02.000Z,55.06679000000001,25.025998,0,25900
2019-03-04T06:27:02.000Z,55.06679000000001,25.025998,0,25900
2019-03-04T06:27:02.000Z,55.06679000000001,25.025998,0,25900
2019-03-04T06:27:02.000Z,55.06679000000001,25.025998,0,25900
2019-03-04T06:36:02.000Z,55.06679000000001,25.025995,0,25900
2019-03-04T06:36:02.000Z,55.06679000000001,25.025995,0,25900
2019-03-04T06:36:02.000Z,55.06679000000001,25.025995,0,25900
2019-03-04T06:36:02.000Z,55.06679000000001,25.025995,0,25900
2019-03-04T06:42:02.000Z,55.066788,25.025998,0,25900
2019-03-04T06:42:02.000Z,55.066788,25.025998,0,25900
2019-03-04T06:42:02.000Z,55.066788,25.025998,0,25900
2019-03-04T06:42:02.000Z,55.066788,25.025998,0,25900
2019-03-04T06:51:02.000Z,55.06679000000001,25.025997,0,25900
2019-03-04T06:51:02.000Z,55.06679000000001,25.025997,0,25900
2019-03-04T06:51:02.000Z,55.06679000000001,25.025997,0,25900
2019-03-04T06:51:02.000Z,55.06679000000001,25.025997,0,25900
2019-03-04T06:54:03.000Z,55.06679000000001,25.026,0,25890
2019-03-04T06:54:03.000Z,55.06679000000001,25.026,0,25890
2019-03-04T06:54:03.000Z,55.06679000000001,25.026,0,25890
2019-03-04T06:54:03.000Z,55.06679000000001,25.026,0,25890
2019-03-04T07:00:03.000Z,55.066788,25.025992,0,25900
2019-03-04T07:00:03.000Z,55.066788,25.025992,0,25900
2019-03-04T07:00:03.000Z,55.066788,25.025992,0,25900
2019-03-04T07:00:03.000Z,55.066788,25.025992,0,25900
2019-03-04T07:09:04.000Z,55.06675799999999,25.025983,0,7900
2019-03-04T07:09:04.000Z,55.06675799999999,25.025983,0,7900
2019-03-04T07:09:04.000Z,55.06675799999999,25.025983,0,7900
2019-03-04T07:09:04.000Z,55.06675799999999,25.025983,0,7900
2019-03-04T07:15:04.000Z,55.066763,25.025992,0,25900
2019-03-04T07:15:04.000Z,55.066763,25.025992,0,25900
2019-03-04T07:15:04.000Z,55.066763,25.025992,0,25900
2019-03-04T07:15:04.000Z,55.066763,25.025992,0,25900
2019-03-04T07:21:03.000Z,55.066762,25.026,0,25900
2019-03-04T07:21:03.000Z,55.066762,25.026,0,25900
2019-03-04T07:21:03.000Z,55.066762,25.026,0,25900
2019-03-04T07:21:03.000Z,55.066762,25.026,0,25900
2019-03-04T07:24:04.000Z,55.06675799999999,25.025998,0,25900
2019-03-04T07:24:04.000Z,55.06675799999999,25.025998,0,25900
2019-03-04T07:24:04.000Z,55.06675799999999,25.025998,0,25900
2019-03-04T07:24:04.000Z,55.06675799999999,25.025998,0,25900
2019-03-04T07:30:04.000Z,55.066785,25.026033,0,25900
2019-03-04T07:30:04.000Z,55.066785,25.026033,0,25900
2019-03-04T07:30:04.000Z,55.066785,25.026033,0,25900
2019-03-04T07:30:04.000Z,55.066785,25.026033,0,25900
2019-03-04T07:36:04.000Z,55.06675300000001,25.026005,0,25900
2019-03-04T07:36:04.000Z,55.06675300000001,25.026005,0,25900
2019-03-04T07:36:04.000Z,55.06675300000001,25.026005,0,25900
2019-03-04T07:36:04.000Z,55.06675300000001,25.026005,0,25900
2019-03-04T07:39:04.000Z,55.06676,25.026,0,25900
2019-03-04T07:42:04.000Z,55.06676700000001,25.026005,0,25900
2019-03-04T07:42:04.000Z,55.06676700000001,25.026005,0,25900
2019-03-04T07:42:04.000Z,55.06676700000001,25.026005,0,25900
2019-03-04T07:42:04.000Z,55.06676700000001,25.026005,0,25900
2019-03-04T07:45:12.000Z,55.066765,25.026,0,25900
2019-03-04T07:48:04.000Z,55.066768,25.026003,0,25910
2019-03-04T07:48:04.000Z,55.066768,25.026003,0,25910
2019-03-04T07:48:04.000Z,55.066768,25.026003,0,25910
2019-03-04T07:48:04.000Z,55.066768,25.026003,0,25910
2019-03-04T07:54:04.000Z,55.066768,25.026015,0,25900
2019-03-04T07:57:05.000Z,55.066768,25.026005,0,25900
2019-03-04T07:57:05.000Z,55.066768,25.026005,0,25900
2019-03-04T07:57:05.000Z,55.066768,25.026005,0,25900
2019-03-04T07:57:05.000Z,55.066768,25.026005,0,25900
2019-03-04T08:03:05.000Z,55.066768,25.026002,0,25900
2019-03-04T08:03:05.000Z,55.066768,25.026002,0,25900
2019-03-04T08:03:05.000Z,55.066768,25.026002,0,25900
2019-03-04T08:03:05.000Z,55.066768,25.026002,0,25900
2019-03-04T08:06:05.000Z,55.066768,25.026002,0,25910
2019-03-04T08:09:05.000Z,55.06676700000001,25.02601,0,25910
2019-03-04T08:09:05.000Z,55.06676700000001,25.02601,0,25910
2019-03-04T08:09:05.000Z,55.06676700000001,25.02601,0,25910
2019-03-04T08:09:05.000Z,55.06676700000001,25.02601,0,25910
2019-03-04T08:15:05.000Z,55.06676700000001,25.02601,0,25910
2019-03-04T08:15:05.000Z,55.06676700000001,25.02601,0,25910
2019-03-04T08:15:05.000Z,55.06676700000001,25.02601,0,25910
2019-03-04T08:15:05.000Z,55.06676700000001,25.02601,0,25910
2019-03-04T08:21:05.000Z,55.066763,25.026008,0,25900
2019-03-04T08:21:05.000Z,55.066763,25.026008,0,25900
2019-03-04T08:21:05.000Z,55.066763,25.026008,0,25900
2019-03-04T08:21:05.000Z,55.066763,25.026008,0,25900
2019-03-04T08:27:05.000Z,55.066765,25.02601,0,25910
2019-03-04T08:27:05.000Z,55.066765,25.02601,0,25910
2019-03-04T08:27:05.000Z,55.066765,25.02601,0,25910
2019-03-04T08:27:05.000Z,55.066765,25.02601,0,25910
2019-03-04T08:30:06.000Z,55.066763,25.026022,0,25910
2019-03-04T08:30:06.000Z,55.066763,25.026022,0,25910
2019-03-04T08:30:06.000Z,55.066763,25.026022,0,25910
2019-03-04T08:30:06.000Z,55.066763,25.026022,0,25910
2019-03-04T08:33:06.000Z,55.066762,25.026022,0,25910
2019-03-04T08:39:06.000Z,55.06675799999999,25.026013,0,25910
2019-03-04T08:39:06.000Z,55.06675799999999,25.026013,0,25910
2019-03-04T08:39:06.000Z,55.06675799999999,25.026013,0,25910
2019-03-04T08:39:06.000Z,55.06675799999999,25.026013,0,25910
2019-03-04T08:45:06.000Z,55.066747,25.025997,0,25910
2019-03-04T08:45:06.000Z,55.066747,25.025997,0,25910
2019-03-04T08:45:06.000Z,55.066747,25.025997,0,25910
2019-03-04T08:45:06.000Z,55.066747,25.025997,0,25910
2019-03-04T08:51:06.000Z,55.06675,25.026002,0,25910
2019-03-04T08:51:06.000Z,55.06675,25.026002,0,25910
2019-03-04T08:51:06.000Z,55.06675,25.026002,0,25910
2019-03-04T08:51:06.000Z,55.06675,25.026002,0,25910
2019-03-04T08:57:07.000Z,55.06675,25.025993,0,25910
2019-03-04T08:57:07.000Z,55.06675,25.025993,0,25910
2019-03-04T08:57:07.000Z,55.06675,25.025993,0,25910
2019-03-04T08:57:07.000Z,55.06675,25.025993,0,25910
2019-03-04T09:00:06.000Z,55.066785,25.026003,0,7910
2019-03-04T09:03:06.000Z,55.066768,25.025995,0,25910
2019-03-04T09:03:06.000Z,55.066768,25.025995,0,25910
2019-03-04T09:03:06.000Z,55.066768,25.025995,0,25910
2019-03-04T09:03:06.000Z,55.066768,25.025995,0,25910
2019-03-04T09:09:07.000Z,55.06676700000001,25.026,0,25910
2019-03-04T09:09:07.000Z,55.06676700000001,25.026,0,25910
2019-03-04T09:09:07.000Z,55.06676700000001,25.026,0,25910
2019-03-04T09:09:07.000Z,55.06676700000001,25.026,0,25910
2019-03-04T09:12:07.000Z,55.06677,25.026003,0,25910
2019-03-04T09:15:07.000Z,55.066772,25.026,0,25910
2019-03-04T09:15:07.000Z,55.066772,25.026,0,25910
2019-03-04T09:15:07.000Z,55.066772,25.026,0,25910
2019-03-04T09:15:07.000Z,55.066772,25.026,0,25910
2019-03-04T09:21:07.000Z,55.066765,25.025998,0,7910
2019-03-04T09:21:07.000Z,55.066765,25.025998,0,7910
2019-03-04T09:21:07.000Z,55.066765,25.025998,0,7910
2019-03-04T09:21:07.000Z,55.066765,25.025998,0,7910
2019-03-04T09:24:26.000Z,55.066775,25.026003,0,7900
2019-03-04T09:27:06.000Z,55.06687,25.026172,0,8020
2019-03-04T09:28:36.000Z,55.06699,25.026368,0,8030
2019-03-04T09:29:37.000Z,55.06710699999999,25.0265,0,8120
2019-03-04T09:31:06.000Z,55.067298,25.026678,0,26390
2019-03-04T09:32:56.000Z,55.067085,25.02683,0,26640
2019-03-04T09:33:27.000Z,55.06686,25.026875,0,26600
2019-03-04T09:33:56.000Z,55.06659200000001,25.026915,0,26550
2019-03-04T09:34:17.000Z,55.066362,25.026948,0,27610
2019-03-04T09:34:37.000Z,55.066118,25.026965,0,27310
2019-03-04T09:34:56.000Z,55.06588000000001,25.026963,0,26890
2019-03-04T09:35:17.000Z,55.065578,25.026952,0,26640
2019-03-04T09:35:37.000Z,55.065245,25.026928,0,26580
2019-03-04T09:35:56.000Z,55.064913,25.026903,0,26470
2019-03-04T09:36:07.000Z,55.064708,25.026895,0,26850
2019-03-04T09:36:17.000Z,55.064515,25.02688,0,26470
2019-03-04T09:36:27.000Z,55.064312,25.026863,0,26490
2019-03-04T09:36:37.000Z,55.064103,25.026845,0,26430
2019-03-04T09:36:46.000Z,55.063908,25.026825,0,26310
2019-03-04T09:36:56.000Z,55.063707,25.026805,0,26430
2019-03-04T09:37:07.000Z,55.063428,25.026775,0,26320
2019-03-04T09:37:17.000Z,55.063188,25.026752,0,26400
2019-03-04T09:37:27.000Z,55.06296500000001,25.026732,0,26420
2019-03-04T09:37:37.000Z,55.062687,25.026697,0,26170
2019-03-04T09:37:47.000Z,55.062425,25.026665,0,26280
2019-03-04T09:37:56.000Z,55.062185,25.026632,0,26100
2019-03-04T09:38:07.000Z,55.061885,25.026587,0,26130
2019-03-04T09:38:17.000Z,55.061607,25.026545,0,26130
2019-03-04T09:38:27.000Z,55.06132,25.0265,0,26050
2019-03-04T09:38:37.000Z,55.061027,25.026458,0,26170
2019-03-04T09:38:47.000Z,55.060725,25.026415,0,26070
2019-03-04T09:38:56.000Z,55.060448,25.026375,0,26140
2019-03-04T09:39:06.000Z,55.06016500000001,25.026335,0,26040
2019-03-04T09:39:17.000Z,55.05978199999999,25.026277,0,26060
2019-03-04T09:39:26.000Z,55.059488,25.026237,0,26140
2019-03-04T09:39:37.000Z,55.059127,25.026183,0,26080
2019-03-04T09:39:48.000Z,55.05879,25.026137,0,26120
2019-03-04T09:39:57.000Z,55.058448,25.026085,0,26070
2019-03-04T09:40:05.000Z,55.058135,25.02604,0,26120
2019-03-04T09:40:16.000Z,55.05781800000001,25.025997,0,26130
2019-03-04T09:40:26.000Z,55.057427,25.02594,0,26120
2019-03-04T09:40:38.000Z,55.05702700000001,25.025885,0,26100
2019-03-04T09:40:47.000Z,55.05666,25.025828,0,26050
2019-03-04T09:40:57.000Z,55.056287,25.025775,0,26110
2019-03-04T09:41:05.000Z,55.055985,25.025733,0,26080
2019-03-04T09:41:26.000Z,55.055188,25.02562,0,26110
2019-03-04T09:41:37.000Z,55.05476700000001,25.025558,0,26070
2019-03-04T09:41:47.000Z,55.05438,25.025502,0,26080
2019-03-04T09:41:57.000Z,55.053992,25.025445,0,26040
2019-03-04T09:42:05.000Z,55.053642,25.02539,0,26010
2019-03-04T09:42:16.000Z,55.053292000000006,25.025337,0,26090
2019-03-04T09:42:26.000Z,55.05285799999999,25.02528,0,26200
2019-03-04T09:42:37.000Z,55.052427,25.025217,0,26040
2019-03-04T09:42:46.000Z,55.052073,25.025158,0,25980
2019-03-04T09:42:57.000Z,55.051637,25.0251,0,26190
2019-03-04T09:43:06.000Z,55.051318,25.025058,0,26150
2019-03-04T09:43:16.000Z,55.050877,25.025008,0,26330
2019-03-04T09:43:26.000Z,55.050517000000006,25.02497,0,26330
2019-03-04T09:43:37.000Z,55.050032,25.024923,0,26470
2019-03-04T09:43:46.000Z,55.04966700000001,25.024895,0,26520
2019-03-04T09:44:05.000Z,55.048892,25.02485,0,26720
2019-03-04T09:44:16.000Z,55.048483,25.024835,0,26790
2019-03-04T09:44:26.000Z,55.04803199999999,25.024828,0,26940
2019-03-04T09:44:37.000Z,55.047578,25.02483,0,26980
2019-03-04T09:44:46.000Z,55.047208,25.024837,0,27130
2019-03-04T09:44:57.000Z,55.04675699999999,25.024853,0,27200
2019-03-04T09:45:05.000Z,55.04642800000001,25.02487,0,27370
2019-03-04T09:45:16.000Z,55.04598000000001,25.024905,0,27510
2019-03-04T09:45:26.000Z,55.045573,25.024937,0,27480
2019-03-04T09:45:37.000Z,55.04513000000001,25.024978,0,27620
2019-03-04T09:45:47.000Z,55.04476800000001,25.025013,0,27570
2019-03-04T09:45:57.000Z,55.04433,25.02506,0,27740
2019-03-04T09:46:07.000Z,55.043933,25.025112,0,27810
2019-03-04T09:46:17.000Z,55.043577,25.025163,0,27910
2019-03-04T09:46:26.000Z,55.043223,25.02523,0,28220
2019-03-04T09:46:37.000Z,55.042802,25.025333,0,28550
2019-03-04T09:46:46.000Z,55.042423,25.025445,0,28820
2019-03-04T09:46:56.000Z,55.042047,25.025558,0,28820
2019-03-04T09:47:07.000Z,55.041637,25.025688,0,28940
2019-03-04T09:47:17.000Z,55.04131,25.025807,0,29170
2019-03-04T09:47:26.000Z,55.04099,25.025935,0,29410
2019-03-04T09:47:36.000Z,55.040622,25.026118,0,29970
2019-03-04T09:47:46.000Z,55.040303,25.026305,0,30330
2019-03-04T09:47:56.000Z,55.04,25.026505,0,30660
2019-03-04T09:48:07.000Z,55.039683,25.026742,0,30950
2019-03-04T09:48:17.000Z,55.039402,25.026963,0,31060
2019-03-04T09:48:26.000Z,55.03919200000001,25.027155,0,31540
2019-03-04T09:48:36.000Z,55.03892,25.027435,0,31860
2019-03-04T09:48:47.000Z,55.038683,25.027702,0,32140
2019-03-04T09:48:56.000Z,55.038463,25.027983,0,32540
2019-03-04T09:49:07.000Z,55.038237,25.02831,0,32790
2019-03-04T09:49:17.000Z,55.038025,25.028612,0,32710
2019-03-04T09:49:26.000Z,55.037832,25.02889,0,32750
2019-03-04T09:49:36.000Z,55.037622,25.029208,0,32880
2019-03-04T09:49:46.000Z,55.03740300000001,25.02953,0,32840
2019-03-04T09:49:56.000Z,55.037183,25.029857,0,32820
2019-03-04T09:50:07.000Z,55.03692,25.030212,0,32540
2019-03-04T09:50:16.000Z,55.036692,25.0305,0,32400
2019-03-04T09:50:26.000Z,55.036458,25.030788,0,32320
2019-03-04T09:50:38.000Z,55.036157,25.03114,0,32190
2019-03-04T09:50:47.000Z,55.035883,25.031465,0,32210
2019-03-04T09:50:56.000Z,55.035603,25.031793,0,32240
2019-03-04T09:51:07.000Z,55.035293,25.03216,0,32220
2019-03-04T09:51:16.000Z,55.035027,25.032458,0,32080
2019-03-04T09:51:26.000Z,55.034723,25.032788,0,31980
2019-03-04T09:51:37.000Z,55.034415,25.033123,0,32020
2019-03-04T09:51:48.000Z,55.034105,25.033467,0,32040
2019-03-04T09:51:57.000Z,55.033753,25.033843,0,31940
2019-03-04T09:52:07.000Z,55.033422,25.034183,0,31810
2019-03-04T09:52:16.000Z,55.033113,25.034488,0,31710
2019-03-04T09:52:26.000Z,55.032805,25.0348,0,31810
2019-03-04T09:52:37.000Z,55.03241800000001,25.03518,0,31700
2019-03-04T09:52:47.000Z,55.032028,25.035568,0,31760
2019-03-04T09:52:57.000Z,55.031708,25.03589,0,31770
2019-03-04T09:53:07.000Z,55.031305,25.036282,0,31680
2019-03-04T09:53:16.000Z,55.03097,25.036603,0,31630
2019-03-04T09:53:26.000Z,55.030593,25.036962,0,31650
2019-03-04T09:53:37.000Z,55.030173,25.03736,0,31600
2019-03-04T09:53:47.000Z,55.029823,25.037685,0,31560
2019-03-04T09:53:57.000Z,55.029438,25.038057,0,31710
2019-03-04T09:54:07.000Z,55.02900500000001,25.038465,0,31550
2019-03-04T09:54:16.000Z,55.028648,25.038802,0,31590
2019-03-04T09:54:26.000Z,55.028285,25.039138,0,31530
2019-03-04T09:54:37.000Z,55.027843,25.039557,0,31620
2019-03-04T09:54:47.000Z,55.027392000000006,25.039977,0,31530
2019-03-04T09:54:57.000Z,55.027022,25.040323,0,31600
2019-03-04T09:55:07.000Z,55.02656700000001,25.04075,0,31570
2019-03-04T09:55:16.000Z,55.02623199999999,25.041062,0,31570
2019-03-04T09:55:26.000Z,55.025812,25.041457,0,31570
2019-03-04T09:55:37.000Z,55.025348,25.041895,0,31620
2019-03-04T09:55:47.000Z,55.024915,25.042287,0,31430
2019-03-04T09:55:57.000Z,55.02448199999999,25.042685,0,31540
2019-03-04T09:56:17.000Z,55.023562,25.043525,0,31460
2019-03-04T09:56:26.000Z,55.023162,25.043887,0,31490
2019-03-04T09:56:37.000Z,55.02271700000001,25.044292,0,31470
2019-03-04T09:56:47.000Z,55.022222,25.044737,0,31480
2019-03-04T09:56:57.000Z,55.02181700000001,25.045105,0,31450
2019-03-04T09:57:07.000Z,55.021315,25.045555,0,31480
2019-03-04T09:57:17.000Z,55.02086,25.045972,0,31520
2019-03-04T09:57:26.000Z,55.02049,25.0463,0,31390
2019-03-04T09:57:38.000Z,55.019938,25.046802,0,31500
2019-03-04T09:57:47.000Z,55.019523,25.04718,0,31480
2019-03-04T09:57:57.000Z,55.019007,25.047638,0,31400
2019-03-04T09:58:06.000Z,55.018635,25.047977,0,31520
2019-03-04T09:58:17.000Z,55.018072,25.048485,0,31430
2019-03-04T09:58:26.000Z,55.017647,25.048867,0,31490
2019-03-04T09:58:37.000Z,55.01713,25.04934,0,31490
2019-03-04T09:58:47.000Z,55.01665500000001,25.049767000000006,0,31470
2019-03-04T09:58:57.000Z,55.01622800000001,25.050155,0,31480
2019-03-04T09:59:06.000Z,55.015798,25.050543,0,31460
2019-03-04T09:59:17.000Z,55.015223,25.051063,0,31510
2019-03-04T09:59:26.000Z,55.014842,25.051415,0,31500
2019-03-04T09:59:37.000Z,55.014262,25.051937,0,31430
2019-03-04T09:59:47.000Z,55.01377700000001,25.052372,0,31460
2019-03-04T10:00:06.000Z,55.012857,25.05321,0,31500
2019-03-04T10:00:17.000Z,55.01232,25.053695,0,31450
2019-03-04T10:00:26.000Z,55.01192800000001,25.054047,0,31480
2019-03-04T10:00:47.000Z,55.010852,25.055025,0,31470
2019-03-04T10:00:57.000Z,55.010362,25.055472,0,31510
2019-03-04T10:01:06.000Z,55.009965,25.055828,0,31430
2019-03-04T10:01:17.000Z,55.00937,25.056363,0,31470
2019-03-04T10:01:26.000Z,55.008973,25.056723,0,31480
2019-03-04T10:01:48.000Z,55.00787800000001,25.057718,0,31440
2019-03-04T10:01:57.000Z,55.007427,25.058125,0,31470
2019-03-04T10:02:06.000Z,55.00698000000001,25.058537,0,31540
2019-03-04T10:02:17.000Z,55.006377,25.059083,0,31480
2019-03-04T10:02:26.000Z,55.005923,25.059495,0,31500
2019-03-04T10:02:37.000Z,55.005377,25.060007,0,31590
2019-03-04T10:02:41.000Z,55.005173,25.06019,0,31500
2019-03-04T10:02:46.000Z,55.004915,25.060415,0,31360
2019-03-04T10:02:57.000Z,55.004347,25.060912,0,31400
2019-03-04T10:03:04.000Z,55.003988,25.061232,0,31420
2019-03-04T10:03:11.000Z,55.003677,25.061503,0,31370
2019-03-04T10:03:16.000Z,55.003367,25.061777,0,31390
2019-03-04T10:03:23.000Z,55.003058,25.06205,0,31400
2019-03-04T10:03:26.000Z,55.00285,25.062233,0,31390
2019-03-04T10:03:34.000Z,55.002435,25.062597,0,31390
2019-03-04T10:03:41.000Z,55.002123,25.06287,0,31390
2019-03-04T10:03:46.000Z,55.001812,25.063145,0,31390
2019-03-04T10:03:52.000Z,55.0015,25.063422,0,31400
2019-03-04T10:03:59.000Z,55.00119,25.063698,0,31410
2019-03-04T10:04:04.000Z,55.00088,25.063975,0,31420
2019-03-04T10:04:11.000Z,55.000567,25.06425,0,31390
2019-03-04T10:04:17.000Z,55.000253,25.064527,0,31390
2019-03-04T10:04:23.000Z,54.99989,25.064852,0,31430
2019-03-04T10:04:29.000Z,54.999575,25.065128,0,31410
2019-03-04T10:04:34.000Z,54.999312,25.06536,0,31400
2019-03-04T10:04:41.000Z,54.998997,25.065638,0,31410
2019-03-04T10:04:46.000Z,54.99868299999999,25.065918,0,31430
2019-03-04T10:04:52.000Z,54.998368000000006,25.066198,0,31460
2019-03-04T10:04:59.000Z,54.997998,25.066523,0,31410
2019-03-04T10:05:11.000Z,54.99741700000001,25.067037,0,31440
2019-03-04T10:05:17.000Z,54.9971,25.06732,0,31450
2019-03-04T10:05:23.000Z,54.996727,25.067647,0,31400
2019-03-04T10:05:29.000Z,54.996405,25.067925,0,31390
2019-03-04T10:05:34.000Z,54.996142000000006,25.068162,0,31380
2019-03-04T10:05:41.000Z,54.995775,25.068498,0,31520
2019-03-04T10:05:46.000Z,54.99551,25.068735,0,31490
2019-03-04T10:05:52.000Z,54.99519,25.069018,0,31430
2019-03-04T10:05:59.000Z,54.99487,25.069302,0,31420
2019-03-04T10:06:04.000Z,54.994548,25.069585,0,31410
2019-03-04T10:06:11.000Z,54.994173,25.069917,0,31410
2019-03-04T10:06:17.000Z,54.99390500000001,25.070153,0,31410
2019-03-04T10:06:23.000Z,54.99353000000001,25.070485,0,31420
2019-03-04T10:06:29.000Z,54.993208,25.07077,0,31400
2019-03-04T10:06:34.000Z,54.99294,25.071008,0,31420
2019-03-04T10:06:41.000Z,54.992617,25.071293,0,31400
2019-03-04T10:06:46.000Z,54.99234499999999,25.071528,0,31350
2019-03-04T10:06:52.000Z,54.991963,25.071857,0,31300
2019-03-04T10:06:59.000Z,54.991587,25.07219,0,31370
2019-03-04T10:07:04.000Z,54.99132,25.072432,0,31470
2019-03-04T10:07:11.000Z,54.990997,25.072718,0,31410
2019-03-04T10:07:17.000Z,54.99067,25.073002,0,31340
2019-03-04T10:07:30.000Z,54.989963,25.07362,0,31370
2019-03-04T10:07:34.000Z,54.989693,25.07386,0,31390
2019-03-04T10:07:41.000Z,54.989312,25.074193,0,31380
2019-03-04T10:07:47.000Z,54.989038,25.074432,0,31360
2019-03-04T10:08:03.000Z,54.988383,25.075007,0,31380
2019-03-04T10:08:48.000Z,54.98575699999999,25.077325,0,31400
2019-03-04T10:08:54.000Z,54.98536800000001,25.07766,0,31350
2019-03-04T10:09:00.000Z,54.985092,25.077902,0,31360
2019-03-04T10:09:05.000Z,54.984708,25.078243,0,31450
2019-03-04T10:09:11.000Z,54.984435,25.07849,0,31480
2019-03-04T10:09:17.000Z,54.98405,25.078832,0,31440
2019-03-04T10:09:29.000Z,54.983385,25.079415,0,31390
2019-03-04T10:09:34.000Z,54.98311,25.07966,0,31400
2019-03-04T10:09:41.000Z,54.98271800000001,25.079998,0,31350
2019-03-04T10:09:47.000Z,54.98244,25.08024,0,31360
2019-03-04T10:09:53.000Z,54.982053,25.080585,0,31390
2019-03-04T10:09:59.000Z,54.98177800000001,25.080832,0,31410
2019-03-04T10:10:05.000Z,54.981445,25.081127,0,31400
2019-03-04T10:10:12.000Z,54.981112,25.081418,0,31380
2019-03-04T10:10:16.000Z,54.980777,25.081712,0,31390
2019-03-04T10:10:30.000Z,54.98005,25.082345,0,31360
2019-03-04T10:10:34.000Z,54.979773,25.082592,0,31380
2019-03-04T10:10:42.000Z,54.97944,25.082885,0,31390
2019-03-04T10:10:47.000Z,54.979103,25.083177,0,31350
2019-03-04T10:10:53.000Z,54.978712,25.083517,0,31350
2019-03-04T10:10:59.000Z,54.978378,25.08381,0,31360
2019-03-04T10:11:05.000Z,54.978047,25.084107,0,31460
2019-03-04T10:11:10.000Z,54.97776800000001,25.084353,0,31430
2019-03-04T10:11:16.000Z,54.977435,25.084647,0,31380
2019-03-04T10:11:23.000Z,54.97704,25.084985,0,31340
2019-03-04T10:11:29.000Z,54.976703,25.085277,0,31350
2019-03-04T10:11:41.000Z,54.97609300000001,25.085822,0,31440
2019-03-04T10:11:46.000Z,54.975758,25.086117,0,31400
2019-03-04T10:12:50.000Z,54.972382,25.089075,0,31370
2019-03-04T10:14:09.000Z,54.967927,25.093000000000004,28,31390
2019-03-04T10:14:09.000Z,54.967927,25.093000000000004,28,31390
2019-03-04T10:14:09.000Z,54.967927,25.093000000000004,28,31390
2019-03-04T10:14:09.000Z,54.967927,25.093000000000004,28,31390
2019-03-04T10:16:56.000Z,54.958367,25.101402,0,31400
2019-03-04T10:17:05.000Z,54.95802,25.101703,0,31370
2019-03-04T10:17:25.000Z,54.957272,25.102363,0,31430
2019-03-04T10:17:36.000Z,54.956233,25.103278,29,31390
2019-03-04T10:17:36.000Z,54.956233,25.103278,29,31390
2019-03-04T10:17:36.000Z,54.956233,25.103278,29,31390
2019-03-04T10:17:36.000Z,54.956233,25.103278,29,31390
2019-03-04T10:20:05.000Z,54.947412,25.111058,0,31370
2019-03-04T10:20:11.000Z,54.94708000000001,25.111348,0,31380
2019-03-04T10:20:17.000Z,54.94675,25.11164,0,31390
2019-03-04T10:20:23.000Z,54.946423,25.111933,0,31430
2019-03-04T10:20:29.000Z,54.946097,25.112225,0,31420
2019-03-04T10:20:35.000Z,54.94577,25.112513,0,31400
2019-03-04T10:20:41.000Z,54.945443,25.112802,0,31380
2019-03-04T10:20:48.000Z,54.945117,25.113088,0,31410
2019-03-04T10:20:52.000Z,54.944845,25.11333,0,31430
2019-03-04T10:20:58.000Z,54.944522,25.113618,0,31430
2019-03-04T10:21:04.000Z,54.944198,25.113907,0,31410
2019-03-04T10:21:11.000Z,54.94382,25.114238,0,31400
2019-03-04T10:21:17.000Z,54.943497,25.114523,0,31430
2019-03-04T10:21:23.000Z,54.943232,25.114763,0,31450
2019-03-04T10:21:29.000Z,54.94291,25.115048,0,31420
2019-03-04T10:21:35.000Z,54.94253199999999,25.115375,0,31370
2019-03-04T10:21:41.000Z,54.942212,25.115657,0,31410
2019-03-04T10:21:52.000Z,54.941628,25.116177,0,31410
2019-03-04T10:22:04.000Z,54.940992,25.11674,0,31410
2019-03-04T10:22:11.000Z,54.94062,25.117065,0,31360
2019-03-04T10:22:17.000Z,54.940302,25.11734,0,31350
2019-03-04T10:22:23.000Z,54.939987,25.117617000000006,0,31380
2019-03-04T10:22:29.000Z,54.939673,25.117898,0,31410
2019-03-04T10:22:35.000Z,54.939362,25.118177,0,31440
2019-03-04T10:22:41.000Z,54.939048,25.118455,0,31420
2019-03-04T10:22:52.000Z,54.938478,25.118963,0,31400
2019-03-04T10:23:04.000Z,54.937857,25.119515,0,31440
2019-03-04T10:23:11.000Z,54.937497,25.119835,0,31440
2019-03-04T10:23:17.000Z,54.937188,25.120107,0,31390
2019-03-04T10:23:22.000Z,54.93693199999999,25.120333,0,31400
2019-03-04T10:23:29.000Z,54.936627,25.120607,0,31460
2019-03-04T10:23:35.000Z,54.936325,25.120882,0,31490
2019-03-04T10:23:41.000Z,54.935972,25.121197,0,31450
2019-03-04T10:23:47.000Z,54.93572,25.12142,0,31410
2019-03-04T10:23:52.000Z,54.93541800000001,25.12169,0,31440
2019-03-04T10:24:04.000Z,54.934822,25.122227,0,31440
2019-03-04T10:24:11.000Z,54.934475,25.122537,0,31420
2019-03-04T10:24:17.000Z,54.93418000000001,25.122802,0,31430
2019-03-04T10:24:22.000Z,54.933935,25.123022,0,31450
2019-03-04T10:24:29.000Z,54.933593,25.123328,0,31440
2019-03-04T10:24:35.000Z,54.93330200000001,25.12359,0,31460
2019-03-04T10:24:41.000Z,54.933058,25.123808,0,31450
2019-03-04T10:24:47.000Z,54.93272,25.12411,0,31460
2019-03-04T10:24:52.000Z,54.93243199999999,25.124367000000003,0,31430
2019-03-04T10:24:58.000Z,54.93219200000001,25.124582,0,31430
2019-03-04T10:25:05.000Z,54.93190799999999,25.124838,0,31510
2019-03-04T10:25:11.000Z,54.931577,25.125137,0,31480
2019-03-04T10:25:17.000Z,54.931342,25.125348,0,31440
2019-03-04T10:25:29.000Z,54.93073199999999,25.125893,0,31440
2019-03-04T10:25:35.000Z,54.930498,25.1261,0,31430
2019-03-04T10:25:41.000Z,54.930173,25.126388,0,31390
2019-03-04T10:25:47.000Z,54.929898,25.126637,0,31430
2019-03-04T10:25:52.000Z,54.929672,25.126843,0,31480
2019-03-04T10:25:58.000Z,54.929398,25.12709,0,31470
2019-03-04T10:26:05.000Z,54.929082,25.127373,0,31440
2019-03-04T10:26:11.000Z,54.928813,25.127615,0,31450
2019-03-04T10:26:17.000Z,54.928588,25.127817,0,31470
2019-03-04T10:26:23.000Z,54.92831999999999,25.128055,0,31420
2019-03-04T10:26:30.000Z,54.928008,25.128332,0,31450
2019-03-04T10:26:32.000Z,54.927877,25.12845,0,31450
2019-03-04T10:26:41.000Z,54.927487,25.128802,0,31450
2019-03-04T10:26:47.000Z,54.92726800000001,25.128997,0,31430
2019-03-04T10:26:52.000Z,54.927008,25.129232,0,31460
2019-03-04T10:26:58.000Z,54.926752,25.129465,0,31480
2019-03-04T10:27:05.000Z,54.926495,25.129695,0,31450
2019-03-04T10:27:10.000Z,54.926238,25.129925,0,31430
2019-03-04T10:27:16.000Z,54.925985,25.130153,0,31460
2019-03-04T10:27:32.000Z,54.92531500000001,25.130758,0,31460
2019-03-04T10:27:43.000Z,54.924863,25.131173,0,31500
2019-03-04T10:27:52.000Z,54.924497,25.131508,0,31470
2019-03-04T10:28:02.000Z,54.92409,25.131875,0,31490
2019-03-04T10:28:13.000Z,54.923647,25.132273,0,31470
2019-03-04T10:28:32.000Z,54.922897,25.132958,0,31540
2019-03-04T10:28:43.000Z,54.922468,25.133348,0,31510
2019-03-04T10:28:52.000Z,54.92211999999999,25.133665,0,31480
2019-03-04T10:29:02.000Z,54.921735,25.134015,0,31470
2019-03-04T10:29:13.000Z,54.92131800000001,25.134397,0,31520
2019-03-04T10:29:32.000Z,54.920647,25.135018,0,31550
2019-03-04T10:29:43.000Z,54.920203,25.135425,0,31510
2019-03-04T10:29:52.000Z,54.91987,25.135723,0,31470
2019-03-04T10:30:02.000Z,54.919543,25.136025,0,31510
2019-03-04T10:30:13.000Z,54.91914300000001,25.136387,0,31450
2019-03-04T10:30:22.000Z,54.91878199999999,25.13671,0,31420
2019-03-04T10:30:32.000Z,54.918422,25.137028,0,31510
2019-03-04T10:30:43.000Z,54.918035,25.137382,0,31510
2019-03-04T10:30:52.000Z,54.917727,25.137675,0,31640
2019-03-04T10:31:02.000Z,54.91739499999999,25.138005,0,31770
2019-03-04T10:31:13.000Z,54.91708000000001,25.138343,0,31970
2019-03-04T10:31:22.000Z,54.916783,25.138688,0,32210
2019-03-04T10:31:32.000Z,54.91650799999999,25.13904,0,32450
2019-03-04T10:31:43.000Z,54.916233,25.139435,0,32780
2019-03-04T10:31:50.000Z,54.916073,25.13969,0,33020
2019-03-04T10:31:56.000Z,54.915947,25.139908,0,33170
2019-03-04T10:32:02.000Z,54.91583000000001,25.14013,0,33370
2019-03-04T10:32:08.000Z,54.915723,25.140353,0,33530
2019-03-04T10:32:13.000Z,54.91564200000001,25.14054,0,33750
2019-03-04T10:32:19.000Z,54.91555200000001,25.140765,0,33650
2019-03-04T10:32:25.000Z,54.915472,25.14099,0,34290
2019-03-04T10:32:30.000Z,54.915413,25.141177,0,34460
2019-03-04T10:32:37.000Z,54.91534300000001,25.141438,0,34620
2019-03-04T10:32:43.000Z,54.91529300000001,25.141662,0,34510
2019-03-04T10:32:50.000Z,54.915255,25.141885,0,35180
2019-03-04T10:33:02.000Z,54.915202,25.142365,0,35430
2019-03-04T10:33:13.000Z,54.915188,25.142767000000006,0,35810
2019-03-04T10:33:22.000Z,54.915193,25.14309,0,110
2019-03-04T10:33:43.000Z,54.915282,25.143827,0,900
2019-03-04T10:33:52.000Z,54.915347,25.144133,0,1090
2019-03-04T10:34:13.000Z,54.91555699999999,25.144832,0,1730
2019-03-04T10:34:23.000Z,54.91567,25.145122,0,1890
2019-03-04T10:34:33.000Z,54.91581,25.145438,0,2240
2019-03-04T10:34:42.000Z,54.91595699999999,25.145752,0,2380
2019-03-04T10:34:52.000Z,54.916113,25.146063,0,2370
2019-03-04T10:35:13.000Z,54.916423,25.14672,0,2270
2019-03-04T10:35:22.000Z,54.916538,25.147003,0,1950
2019-03-04T10:35:29.000Z,54.916617,25.147225,0,1970
2019-03-04T10:35:40.000Z,54.91672,25.147573,0,1420
2019-03-04T10:35:46.000Z,54.916763,25.147763,0,1150
2019-03-04T10:35:52.000Z,54.916797,25.147952,0,930
2019-03-04T10:35:58.000Z,54.916825,25.14814,0,1020
2019-03-04T10:36:06.000Z,54.916847,25.14836,0,480
2019-03-04T10:36:12.000Z,54.91685,25.148547,0,140
2019-03-04T10:36:16.000Z,54.916835,25.148732,0,35680
2019-03-04T10:36:26.000Z,54.9168,25.149007,0,35280
2019-03-04T10:36:32.000Z,54.91676999999999,25.14919,0,35210
2019-03-04T10:36:42.000Z,54.916702,25.149488,0,34680
2019-03-04T10:36:52.000Z,54.916617,25.149787,0,34560
2019-03-04T10:37:12.000Z,54.91641800000001,25.150385,0,34180
2019-03-04T10:37:22.000Z,54.916298,25.150685,0,33940
2019-03-04T10:37:32.000Z,54.916163,25.150982,0,33780
2019-03-04T10:37:42.000Z,54.916017,25.151278,0,33560
2019-03-04T10:37:53.000Z,54.915843,25.151605,0,33320
2019-03-04T10:38:12.000Z,54.915548,25.152152,0,33370
2019-03-04T10:38:32.000Z,54.915178,25.1528,0,33220
2019-03-04T10:38:42.000Z,54.914993,25.153115,0,33140
2019-03-04T10:39:12.000Z,54.914438,25.154097,0,33230
2019-03-04T10:39:32.000Z,54.914058,25.154778,0,33330
2019-03-04T10:39:42.000Z,54.913867,25.155128,0,33360
2019-03-04T10:40:03.000Z,54.91344,25.155872,0,33220
2019-03-04T10:40:32.000Z,54.912847,25.156895,0,33250
2019-03-04T10:40:42.000Z,54.912615,25.15731,0,33320
2019-03-04T10:41:02.000Z,54.912182,25.158077,0,33220
2019-03-04T10:41:13.000Z,54.911937,25.158505,0,33240
2019-03-04T10:41:23.000Z,54.911712,25.158898,0,33260
2019-03-04T10:41:32.000Z,54.911528,25.159217,0,33260
2019-03-04T10:41:42.000Z,54.911278,25.159658,0,33260
2019-03-04T10:42:02.000Z,54.91081,25.160473,0,33210
2019-03-04T10:42:12.000Z,54.910572,25.160885,0,33210
2019-03-04T10:42:32.000Z,54.91007,25.16171,0,33040
2019-03-04T10:42:43.000Z,54.909787,25.162163,0,33060
2019-03-04T10:42:52.000Z,54.909565,25.162535,0,33070
2019-03-04T10:43:02.000Z,54.909338,25.162967,0,33470
2019-03-04T10:43:12.000Z,54.909138,25.163413,0,33830
2019-03-04T10:43:23.000Z,54.908947,25.163917,0,34110
2019-03-04T10:43:33.000Z,54.908777,25.16438,0,34110
2019-03-04T10:43:43.000Z,54.908612,25.16485,0,34170
2019-03-04T10:43:52.000Z,54.908462,25.165277,0,34210
2019-03-04T10:44:02.000Z,54.908295,25.165753,0,34210
2019-03-04T10:44:13.000Z,54.908108,25.16628,0,34220
2019-03-04T10:44:44.000Z,54.90759499999999,25.167745,0,34250
2019-03-04T10:44:52.000Z,54.907438,25.16819,0,34240
2019-03-04T10:45:02.000Z,54.90726,25.168687,0,34200
2019-03-04T10:45:13.000Z,54.90706700000001,25.169238,0,34260
2019-03-04T10:45:23.000Z,54.90688299999999,25.16974,0,34130
2019-03-04T10:45:33.000Z,54.906708,25.170248,0,34250
2019-03-04T10:45:43.000Z,54.90653199999999,25.170758,0,34250
2019-03-04T10:45:52.000Z,54.906372,25.171218,0,34250
2019-03-04T10:46:02.000Z,54.90619,25.171732,0,34230
2019-03-04T10:46:25.000Z,54.90580300000001,25.172815,0,34240
2019-03-04T10:46:44.000Z,54.905437,25.173858,0,34260
2019-03-04T10:46:53.000Z,54.90527,25.17433,0,34190
2019-03-04T10:47:04.000Z,54.90508000000001,25.174857,0,34150
2019-03-04T10:47:25.000Z,54.904687,25.175972,0,34230
2019-03-04T10:47:43.000Z,54.90433,25.17699,0,34220
2019-03-04T10:48:04.000Z,54.90394499999999,25.178067,0,34200
2019-03-04T10:48:24.000Z,54.903547,25.179213,0,34210
2019-03-04T10:48:33.000Z,54.90335,25.179762,0,34150
2019-03-04T10:48:42.000Z,54.903178,25.180258,0,34230
2019-03-04T10:48:52.000Z,54.90299,25.180813,0,34290
2019-03-04T10:49:01.000Z,54.902793,25.181368,0,34200
2019-03-04T10:49:13.000Z,54.902575,25.18198,0,34220
2019-03-04T10:49:33.000Z,54.902198,25.18304,0,34280
2019-03-04T10:49:42.000Z,54.902013,25.183605,0,34350
2019-03-04T10:49:52.000Z,54.901837,25.184172,0,34450
2019-03-04T10:50:01.000Z,54.90166800000001,25.18468,0,34300
2019-03-04T10:50:23.000Z,54.901263,25.18593,0,34350
2019-03-04T10:50:32.000Z,54.9011,25.186442,0,34330
2019-03-04T10:50:42.000Z,54.900927,25.187012,0,34440
2019-03-04T10:50:52.000Z,54.90077700000001,25.187587,0,34640
2019-03-04T10:51:01.000Z,54.900682,25.188165,0,35220
2019-03-04T10:51:05.000Z,54.90066700000001,25.188338,0,35550
2019-03-04T10:51:09.000Z,54.90065500000001,25.188512,0,35150
2019-03-04T10:51:15.000Z,54.900647,25.188858,0,35940
2019-03-04T10:51:20.000Z,54.900652,25.189148,0,130
2019-03-04T10:51:23.000Z,54.900663,25.189378,0,130
2019-03-04T10:51:26.000Z,54.900677,25.18955,0,350
2019-03-04T10:51:29.000Z,54.90069200000001,25.189723,0,430
2019-03-04T10:51:32.000Z,54.900707,25.189895,0,430
2019-03-04T10:51:42.000Z,54.90076800000001,25.19047,0,540
2019-03-04T10:51:52.000Z,54.900862,25.191042000000003,0,860
2019-03-04T10:52:02.000Z,54.900947,25.191558,0,880
2019-03-04T10:52:32.000Z,54.901373,25.193327,0,1250
2019-03-04T10:52:42.000Z,54.90153000000001,25.193898,0,1410
2019-03-04T10:52:52.000Z,54.901683,25.194475,0,1360
2019-03-04T10:53:03.000Z,54.90184,25.195053,0,1360
2019-03-04T10:53:22.000Z,54.902145,25.196215,0,1350
2019-03-04T10:53:32.000Z,54.9023,25.196798,0,1320
2019-03-04T10:53:42.000Z,54.90246,25.197382,0,1400
2019-03-04T10:53:53.000Z,54.902625,25.198027,0,1340
2019-03-04T10:54:02.000Z,54.902763,25.198555,0,1340
2019-03-04T10:54:22.000Z,54.903082,25.19973,0,1330
2019-03-04T10:54:33.000Z,54.903235,25.200323,0,1320
2019-03-04T10:54:42.000Z,54.903387,25.200915,0,1280
2019-03-04T10:55:02.000Z,54.90369200000001,25.20204,0,1370
2019-03-04T10:55:22.000Z,54.904033,25.203293,0,1310
2019-03-04T10:55:33.000Z,54.90420200000001,25.203952,0,1320
2019-03-04T10:56:02.000Z,54.90467,25.205683,0,1300
2019-03-04T10:56:13.000Z,54.90484300000001,25.206342000000006,0,1330
2019-03-04T10:56:22.000Z,54.904985,25.206882,0,1340
2019-03-04T10:56:33.000Z,54.90517,25.20754,0,1470
2019-03-04T10:56:42.000Z,54.905322,25.208078,0,1410
2019-03-04T10:57:02.000Z,54.90564300000001,25.209275,0,1360
2019-03-04T10:57:22.000Z,54.905958,25.210472,0,1370
2019-03-04T10:57:33.000Z,54.906138,25.21113,0,1370
2019-03-04T10:57:42.000Z,54.90628,25.211668,0,1380
2019-03-04T10:57:53.000Z,54.906448,25.212327,0,1310
2019-03-04T10:58:13.000Z,54.906778,25.213522,0,1310
2019-03-04T10:58:24.000Z,54.906923,25.21406,0,1330
2019-03-04T10:58:33.000Z,54.907095,25.21472,0,1350
2019-03-04T10:58:42.000Z,54.90724300000001,25.215258,0,1470
2019-03-04T10:58:52.000Z,54.907405,25.215858,0,1340
2019-03-04T10:59:02.000Z,54.907562,25.216457,0,1350
2019-03-04T10:59:13.000Z,54.907735,25.217117,0,1370
2019-03-04T10:59:22.000Z,54.907873,25.217658,0,1310
2019-03-04T10:59:33.000Z,54.90805,25.218317000000006,0,1340
2019-03-04T10:59:52.000Z,54.90835799999999,25.219455,0,1310
2019-03-04T11:00:02.000Z,54.90851800000001,25.220053,0,1370
2019-03-04T11:00:13.000Z,54.908685,25.220715,0,1320
2019-03-04T11:00:22.000Z,54.908813,25.221255,0,1160
2019-03-04T11:00:33.000Z,54.90897,25.221915,0,1230
2019-03-04T11:00:52.000Z,54.909308,25.223037,0,1730
2019-03-04T11:01:02.000Z,54.909523,25.223615,0,1920
2019-03-04T11:01:13.000Z,54.90977700000001,25.224248,0,1900
2019-03-04T11:01:22.000Z,54.90996,25.22471,0,1980
2019-03-04T11:01:33.000Z,54.910248,25.225397,0,2070
2019-03-04T11:01:52.000Z,54.91070799999999,25.226488,0,2150
2019-03-04T11:02:02.000Z,54.910978,25.227122,0,2070
2019-03-04T11:02:13.000Z,54.911225,25.227695,0,2160
2019-03-04T11:02:22.000Z,54.911448,25.228213,0,2100
2019-03-04T11:02:33.000Z,54.91169,25.228792,0,2070
2019-03-04T11:02:52.000Z,54.912193,25.230008,0,2060
2019-03-04T11:03:02.000Z,54.912412,25.230528,0,2100
2019-03-04T11:03:13.000Z,54.912652,25.231108,0,2070
2019-03-04T11:03:22.000Z,54.912868,25.231628,0,2000
2019-03-04T11:03:33.000Z,54.913155,25.232322,0,2050
2019-03-04T11:03:52.000Z,54.91362700000001,25.233407,0,2090
2019-03-04T11:04:02.000Z,54.91390300000001,25.23403,0,2250
2019-03-04T11:04:12.000Z,54.914122,25.234538,0,2160
2019-03-04T11:04:33.000Z,54.914598,25.23566,0,2090
2019-03-04T11:04:42.000Z,54.914832,25.236215,0,2190
2019-03-04T11:04:53.000Z,54.91506,25.236767,0,2000
2019-03-04T11:05:02.000Z,54.915273,25.237317,0,2000
2019-03-04T11:05:12.000Z,54.915498,25.237853,0,1960
2019-03-04T11:05:21.000Z,54.915727,25.238385,0,2190
2019-03-04T11:05:33.000Z,54.91599300000001,25.238953,0,2270
2019-03-04T11:05:53.000Z,54.916502,25.239893,0,2620
2019-03-04T11:06:29.000Z,54.917735,25.241453,0,3780
2019-03-04T11:06:39.000Z,54.918123,25.241788,0,4250
2019-03-04T11:06:49.000Z,54.91849000000001,25.242052,0,4750
2019-03-04T11:06:53.000Z,54.918698,25.242185,0,5340
2019-03-04T11:07:00.000Z,54.918997,25.242355,0,5790
2019-03-04T11:07:06.000Z,54.919257,25.242478,0,6160
2019-03-04T11:07:12.000Z,54.919522,25.24259,0,6430
2019-03-04T11:07:20.000Z,54.919875,25.242717000000006,0,6910
2019-03-04T11:07:26.000Z,54.92014,25.242797,0,7160
2019-03-04T11:07:33.000Z,54.920403,25.242868,0,7320
2019-03-04T11:07:42.000Z,54.92084200000001,25.242967,0,7560
2019-03-04T11:07:53.000Z,54.921277,25.243055,0,7680
2019-03-04T11:08:02.000Z,54.921665,25.243127,0,7900
2019-03-04T11:08:12.000Z,54.922138,25.243212,0,7870
2019-03-04T11:08:21.000Z,54.922525,25.243278,0,7970
2019-03-04T11:08:33.000Z,54.923038,25.243367000000006,0,7900
2019-03-04T11:08:42.000Z,54.92341999999999,25.243432,0,7900
2019-03-04T11:08:53.000Z,54.923883,25.243513,0,7880
2019-03-04T11:09:02.000Z,54.924257,25.243582,0,7860
2019-03-04T11:09:13.000Z,54.924712,25.243663,0,7870
2019-03-04T11:09:36.000Z,54.925487,25.24381,0,7780
2019-03-04T11:09:47.000Z,54.925888,25.24389,0,7670
2019-03-04T11:09:57.000Z,54.926285,25.243973,0,7670
2019-03-04T11:10:30.000Z,54.927775,25.244308,0,7270
2019-03-04T11:10:43.000Z,54.928230000000006,25.244443,0,7260
2019-03-04T11:11:20.000Z,54.9295,25.245038,0,5380
2019-03-04T11:11:29.000Z,54.929757,25.24521,0,5630
2019-03-04T11:11:36.000Z,54.92994,25.24535,0,4910
2019-03-04T11:11:43.000Z,54.92994,25.24535,12,4910
2019-03-04T11:11:43.000Z,54.92994,25.24535,12,4910
2019-03-04T11:11:43.000Z,54.92994,25.24535,12,4910
2019-03-04T11:11:43.000Z,54.92994,25.24535,12,4910
2019-03-04T11:11:50.000Z,54.930277,25.245643,0,4450
2019-03-04T11:11:57.000Z,54.930428000000006,25.245797,0,4000
2019-03-04T11:12:05.000Z,54.930588,25.245973,0,3870
2019-03-04T11:12:19.000Z,54.93080500000001,25.246273,0,3560
2019-03-04T11:12:26.000Z,54.930905,25.24646,0,2410
2019-03-04T11:12:36.000Z,54.931015,25.246698,0,2230
2019-03-04T11:12:43.000Z,54.931083,25.246865,0,2080
2019-03-04T11:13:13.000Z,54.931332,25.2476,0,1430
2019-03-04T11:13:23.000Z,54.931397,25.24785,0,1320
2019-03-04T11:13:32.000Z,54.931443,25.248078,0,990
2019-03-04T11:13:43.000Z,54.9315,25.248363,0,1040
2019-03-04T11:13:52.000Z,54.931547,25.248602,0,1030
2019-03-04T11:14:12.000Z,54.93163199999999,25.249148,0,880
2019-03-04T11:14:22.000Z,54.931662,25.249403,0,480
2019-03-04T11:14:33.000Z,54.93170799999999,25.24975,0,720
2019-03-04T11:14:43.000Z,54.93175,25.250048,0,840
2019-03-04T11:15:02.000Z,54.931838,25.250633,0,830
2019-03-04T11:15:12.000Z,54.93187800000001,25.250953,0,600
2019-03-04T11:15:22.000Z,54.93190300000001,25.251278,0,590
2019-03-04T11:15:43.000Z,54.931973,25.251988,0,540
2019-03-04T11:15:52.000Z,54.93201,25.252303,0,610
2019-03-04T11:16:22.000Z,54.932112,25.253363,0,420
2019-03-04T11:16:52.000Z,54.932218000000006,25.254572,0,500
2019-03-04T11:17:02.000Z,54.93225200000001,25.254978,0,410
2019-03-04T11:17:12.000Z,54.932282,25.255348,0,420
2019-03-04T11:17:33.000Z,54.93236,25.256325,0,380
2019-03-04T11:17:52.000Z,54.932428,25.25707,0,490
2019-03-04T11:18:12.000Z,54.932502,25.258018,0,390
2019-03-04T11:18:22.000Z,54.932525,25.258482,0,290
2019-03-04T11:18:33.000Z,54.932545,25.258997,0,220
2019-03-04T11:18:43.000Z,54.93256,25.259472,0,180
2019-03-04T11:18:52.000Z,54.93257,25.259855,0,140
2019-03-04T11:19:02.000Z,54.932585,25.260388,0,90
2019-03-04T11:19:12.000Z,54.932597,25.26088,0,130
2019-03-04T11:19:22.000Z,54.932607,25.261377,0,120
2019-03-04T11:19:33.000Z,54.93261500000001,25.261928,0,70
2019-03-04T11:19:43.000Z,54.932623,25.262435,0,60
2019-03-04T11:19:52.000Z,54.932628,25.262897,0,100
2019-03-04T11:20:02.000Z,54.932635,25.263413,0,50
2019-03-04T11:20:13.000Z,54.932642,25.263988,0,40
2019-03-04T11:20:22.000Z,54.932645,25.264463,0,10
2019-03-04T11:20:33.000Z,54.932653,25.26505,0,30
2019-03-04T11:20:43.000Z,54.932658,25.265587,0,20
2019-03-04T11:20:52.000Z,54.932665,25.26602,0,110
2019-03-04T11:21:02.000Z,54.93267,25.266565,0,90
2019-03-04T11:21:13.000Z,54.93268000000001,25.267227,0,80
2019-03-04T11:21:33.000Z,54.93269,25.268343,0,60
2019-03-04T11:21:43.000Z,54.932698,25.268908,0,40
2019-03-04T11:21:53.000Z,54.93270500000001,25.269477,0,40
2019-03-04T11:22:02.000Z,54.932713,25.269992,0,100
2019-03-04T11:22:33.000Z,54.932728,25.271728,0,10
2019-03-04T11:22:43.000Z,54.932733,25.272373,0,20
2019-03-04T11:23:02.000Z,54.93274,25.27349,0,80
2019-03-04T11:23:22.000Z,54.93275,25.274677,0,20
2019-03-04T11:23:32.000Z,54.93275500000001,25.275273,0,60
2019-03-04T11:23:53.000Z,54.93276,25.276533,0,35990
2019-03-04T11:24:13.000Z,54.932765,25.27774,0,10
2019-03-04T11:24:29.000Z,54.932768,25.278285,0,30
2019-03-04T11:24:43.000Z,54.932775,25.279503,0,30
2019-03-04T11:24:53.000Z,54.93278000000001,25.280175,0,40
2019-03-04T11:25:02.000Z,54.932787,25.280728,0,50
2019-03-04T11:25:12.000Z,54.932797,25.281343,0,30
2019-03-04T11:25:22.000Z,54.932805,25.28196,0,80
2019-03-04T11:25:32.000Z,54.932807,25.28258,0,70
2019-03-04T11:25:43.000Z,54.932807,25.283262,0,10
2019-03-04T11:25:53.000Z,54.932805,25.283885,0,35950
2019-03-04T11:26:02.000Z,54.93281,25.284445,0,100
2019-03-04T11:26:22.000Z,54.932823,25.2857,0,70
2019-03-04T11:26:32.000Z,54.932825,25.286328,0,35940
2019-03-04T11:26:43.000Z,54.932825,25.286957,0,35970
2019-03-04T11:26:53.000Z,54.932823,25.287652,0,35980
2019-03-04T11:27:12.000Z,54.932825,25.288852,0,20
2019-03-04T11:27:32.000Z,54.932832,25.29012,0,10
2019-03-04T11:27:43.000Z,54.932835,25.290757,0,20
2019-03-04T11:28:02.000Z,54.932848,25.292033,0,30
2019-03-04T11:28:12.000Z,54.932855,25.292673,0,40
2019-03-04T11:28:32.000Z,54.932865,25.293955,0,60
2019-03-04T11:28:43.000Z,54.932873,25.294663,0,30
2019-03-04T11:29:03.000Z,54.932887,25.295953,0,30
2019-03-04T11:29:22.000Z,54.9329,25.297183,0,60
2019-03-04T11:29:33.000Z,54.932912,25.297832,0,70
2019-03-04T11:29:53.000Z,54.932928,25.299132,0,50
2019-03-04T11:30:00.000Z,54.932937,25.299653,0,70
2019-03-04T11:30:03.000Z,54.932938,25.299848,0,60
2019-03-04T11:30:07.000Z,54.932942,25.300108,0,100
2019-03-04T11:30:19.000Z,54.932957,25.30089,0,80
2019-03-04T11:30:22.000Z,54.93296,25.301087,0,50
2019-03-04T11:30:31.000Z,54.932968,25.301673,0,50
2019-03-04T11:30:38.000Z,54.932977,25.302065,0,80
2019-03-04T11:30:54.000Z,54.932995,25.303177,0,60
2019-03-04T11:31:00.000Z,54.932998,25.30357,0,80
2019-03-04T11:31:07.000Z,54.933002,25.304028,0,10
2019-03-04T11:31:12.000Z,54.933003,25.304357,0,35990
2019-03-04T11:31:19.000Z,54.933005,25.304817,0,30
2019-03-04T11:31:24.000Z,54.933007,25.305143,0,20
2019-03-04T11:31:31.000Z,54.933008,25.305538,0,10
2019-03-04T11:31:48.000Z,54.933025,25.306787,0,40
2019-03-04T11:31:54.000Z,54.933028,25.307117,0,70
2019-03-04T11:32:07.000Z,54.93304300000001,25.307973,0,50
2019-03-04T11:32:12.000Z,54.933048,25.308302,0,80
2019-03-04T11:32:31.000Z,54.933067,25.309488,0,80
2019-03-04T11:32:37.000Z,54.93307,25.30995,0,10
2019-03-04T11:32:48.000Z,54.933077,25.310677,0,40
2019-03-04T11:32:54.000Z,54.93308,25.311073,0,30
2019-03-04T11:33:00.000Z,54.933085,25.311468,0,70
2019-03-04T11:33:07.000Z,54.93309,25.311932,0,60
2019-03-04T11:33:12.000Z,54.933095,25.312263,0,40
2019-03-04T11:33:19.000Z,54.933103,25.312727,0,60
2019-03-04T11:33:31.000Z,54.93311800000001,25.313455,0,80
2019-03-04T11:33:37.000Z,54.933127,25.31392,0,110
2019-03-04T11:33:48.000Z,54.933138,25.314652,0,70
2019-03-04T11:33:54.000Z,54.933145,25.31505,0,90
2019-03-04T11:34:00.000Z,54.933152,25.31545,0,100
2019-03-04T11:34:07.000Z,54.933157,25.31585,0,80
2019-03-04T11:34:12.000Z,54.933162,25.316248,0,70
2019-03-04T11:34:19.000Z,54.933168,25.316648,0,70
2019-03-04T11:34:24.000Z,54.933175,25.317047,0,70
2019-03-04T11:34:37.000Z,54.933188,25.317913,0,70
2019-03-04T11:34:54.000Z,54.933213,25.319047,0,80
2019-03-04T11:35:00.000Z,54.93322,25.319448,0,110
2019-03-04T11:35:07.000Z,54.93323,25.319915,0,110
2019-03-04T11:35:12.000Z,54.933237,25.320248,0,110
2019-03-04T11:35:18.000Z,54.933243,25.32065,0,110
2019-03-04T11:35:24.000Z,54.933252,25.321117,0,140
2019-03-04T11:35:30.000Z,54.933258,25.32145,0,120
2019-03-04T11:35:37.000Z,54.933267,25.321852,0,90
2019-03-04T11:35:48.000Z,54.93328,25.322653,0,110
2019-03-04T11:35:54.000Z,54.933287,25.323055,0,110
2019-03-04T11:36:00.000Z,54.933295,25.323457,0,80
2019-03-04T11:36:07.000Z,54.933303,25.323925,0,90
2019-03-04T11:36:12.000Z,54.93331,25.324262,0,80
2019-03-04T11:36:24.000Z,54.933328,25.325065,0,100
2019-03-04T11:36:30.000Z,54.933338,25.325468,0,90
2019-03-04T11:36:36.000Z,54.933348,25.325872,0,110
2019-03-04T11:36:48.000Z,54.93336800000001,25.326677,0,110
2019-03-04T11:36:54.000Z,54.93337800000001,25.32708,0,120
2019-03-04T11:37:00.000Z,54.93339,25.327483,0,90
2019-03-04T11:37:07.000Z,54.93340300000001,25.327955,0,110
2019-03-04T11:37:12.000Z,54.933412,25.328223,0,110
2019-03-04T11:37:18.000Z,54.933427,25.328695,0,140
2019-03-04T11:37:24.000Z,54.93344,25.329098,0,130
2019-03-04T11:37:30.000Z,54.933455,25.329502,0,220
2019-03-04T11:37:36.000Z,54.93346999999999,25.329905,0,160
2019-03-04T11:37:49.000Z,54.933492,25.33071,0,150
2019-03-04T11:37:55.000Z,54.93349499999999,25.331178,0,35980
2019-03-04T11:38:12.000Z,54.933513,25.332317,0,80
2019-03-04T11:38:18.000Z,54.93353199999999,25.332718,0,210
2019-03-04T11:38:25.000Z,54.93356,25.333118,0,460
2019-03-04T11:38:30.000Z,54.933597,25.333518,0,490
2019-03-04T11:38:36.000Z,54.93364,25.333918,0,570
2019-03-04T11:38:49.000Z,54.93375,25.334715,0,590
2019-03-04T11:39:01.000Z,54.933888,25.335507,0,1000
2019-03-04T11:39:18.000Z,54.93415,25.336688,0,1050
2019-03-04T11:39:24.000Z,54.934252,25.337078,0,1140
2019-03-04T11:39:30.000Z,54.934365,25.337467,0,1510
2019-03-04T11:39:36.000Z,54.934485,25.337853,0,1560
2019-03-04T11:39:42.000Z,54.934608,25.338238,0,1640
2019-03-04T11:39:49.000Z,54.934757,25.338688,0,1550
2019-03-04T11:40:07.000Z,54.93513000000001,25.33985,0,1640
2019-03-04T11:40:18.000Z,54.935355,25.340563,0,1590
2019-03-04T11:40:30.000Z,54.935593,25.341342,0,1530
2019-03-04T11:40:36.000Z,54.93569300000001,25.341667,0,1520
2019-03-04T11:40:42.000Z,54.93583,25.342122,0,1570
2019-03-04T11:40:49.000Z,54.935965,25.342578,0,1560
2019-03-04T11:40:55.000Z,54.93606,25.342905,0,1440
2019-03-04T11:41:01.000Z,54.936173,25.343297,0,1490
2019-03-04T11:41:07.000Z,54.936303,25.343753,0,1520
2019-03-04T11:41:30.000Z,54.93672700000001,25.345258,0,1450
2019-03-04T11:41:36.000Z,54.93683000000001,25.345652,0,1350
2019-03-04T11:41:42.000Z,54.936935,25.346045,0,1310
2019-03-04T11:41:49.000Z,54.937037,25.34644,0,1340
2019-03-04T11:41:54.000Z,54.937142,25.346833,0,1330
2019-03-04T11:42:01.000Z,54.937265,25.347293,0,1380
2019-03-04T11:42:07.000Z,54.937353,25.347622,0,1340
2019-03-04T11:42:18.000Z,54.937567,25.348412,0,1360
2019-03-04T11:42:24.000Z,54.937672,25.348807,0,1350
2019-03-04T11:42:31.000Z,54.937778,25.349203,0,1330
2019-03-04T11:42:49.000Z,54.938093,25.350392000000006,0,1340
2019-03-04T11:43:00.000Z,54.93830300000001,25.351187,0,1370
2019-03-04T11:43:12.000Z,54.938513,25.351982,0,1390
2019-03-04T11:43:19.000Z,54.93861999999999,25.352382,0,1330
2019-03-04T11:43:24.000Z,54.93872800000001,25.35278,0,1350
2019-03-04T11:43:30.000Z,54.938837,25.353182,0,1370
2019-03-04T11:43:37.000Z,54.938943,25.353582,0,1360
2019-03-04T11:43:42.000Z,54.939052,25.353983,0,1410
2019-03-04T11:43:54.000Z,54.93925,25.354722,0,1390
2019-03-04T11:44:12.000Z,54.9396,25.355998,0,1420
2019-03-04T11:44:19.000Z,54.939712,25.356402,0,1380
2019-03-04T11:44:36.000Z,54.940047,25.357613,0,1490
2019-03-04T11:44:54.000Z,54.940387,25.358828,0,1400
2019-03-04T11:45:00.000Z,54.9405,25.359235,0,1410
2019-03-04T11:45:25.000Z,54.940948,25.360865,0,1340
2019-03-04T11:45:54.000Z,54.941502,25.362908,0,1380
2019-03-04T11:46:00.000Z,54.941612,25.363318,0,1350
2019-03-04T11:46:12.000Z,54.941837,25.364135,0,1420
2019-03-04T11:46:30.000Z,54.94217800000001,25.365362,0,1420
2019-03-04T11:46:36.000Z,54.94229,25.365772,0,1400
2019-03-04T11:46:54.000Z,54.94261700000001,25.367,0,1360
2019-03-04T11:48:12.000Z,54.94406,25.372308,0,1520
2019-03-04T11:48:24.000Z,54.94433000000001,25.373115,0,1610
2019-03-04T11:48:37.000Z,54.9446,25.373923,0,1670
2019-03-04T11:48:54.000Z,54.945002,25.37514,0,1650
2019-03-04T11:49:19.000Z,54.94553199999999,25.376767,0,1630
2019-03-04T11:49:24.000Z,54.94566500000001,25.377173000000006,0,1640
2019-03-04T11:49:36.000Z,54.945928,25.37799,0,1610
2019-03-04T11:49:43.000Z,54.946082,25.378468,0,1600
2019-03-04T11:49:54.000Z,54.946323,25.37922,0,1630
2019-03-04T11:50:12.000Z,54.94671700000001,25.380452,0,1670
2019-03-04T11:51:18.000Z,54.948162,25.384972,0,1660
2019-03-04T11:51:24.000Z,54.948287,25.385385,0,1580
2019-03-04T11:51:31.000Z,54.94843,25.385868,0,1470
2019-03-04T11:52:01.000Z,54.949122,25.387848,0,2020
2019-03-04T11:52:06.000Z,54.949283,25.388255,0,2030
2019-03-04T11:53:07.000Z,54.950858,25.392317,0,1870
2019-03-04T11:53:26.000Z,54.951397,25.393587,0,2210
2019-03-04T11:53:38.000Z,54.951745,25.394308,0,2370
2019-03-04T11:54:25.000Z,54.95331,25.397523,28,2350
2019-03-04T11:54:25.000Z,54.95331,25.397523,28,2350
2019-03-04T11:54:25.000Z,54.95331,25.397523,28,2350
2019-03-04T11:54:25.000Z,54.95331,25.397523,28,2350
2019-03-04T11:57:02.000Z,54.95802800000001,25.407335,0,2750
2019-03-04T11:57:30.000Z,54.959435,25.409602,0,3050
2019-03-04T11:58:01.000Z,54.960617000000006,25.41149,0,2900
2019-03-04T11:58:26.000Z,54.961545,25.413012,0,2840
2019-03-04T11:58:54.000Z,54.962695,25.414922,0,2780
2019-03-04T12:01:43.000Z,54.969143,25.425688,0,2960
2019-03-04T12:02:07.000Z,54.970122,25.427295,29,2920
2019-03-04T12:02:07.000Z,54.970122,25.427295,29,2920
2019-03-04T12:02:07.000Z,54.970122,25.427295,29,2920
2019-03-04T12:02:07.000Z,54.970122,25.427295,29,2920
2019-03-04T12:14:56.000Z,55.000123,25.476857,0,2900
2019-03-04T12:40:47.000Z,55.077035,25.566893,0,4920
2019-03-04T12:46:26.000Z,55.096213,25.583268,0,4350
2019-03-04T13:02:14.000Z,55.14686700000001,25.630327,0,4910
2019-03-04T13:17:38.000Z,55.200405,25.673523,0,4790
2019-03-04T13:28:53.000Z,55.239853,25.705357,0,4830
2019-03-04T13:33:14.000Z,55.255425,25.717875,0,4830
2019-03-04T13:56:51.000Z,55.343093,25.783212,0,5120
2019-03-04T14:01:50.000Z,55.361957,25.797157,0,5070
2019-03-04T14:22:28.000Z,55.439628000000006,25.854618,0,5020
2019-03-04T14:49:47.000Z,55.542867,25.930583,0,5060
2019-03-04T15:15:39.000Z,55.639555,26.003803,0,4940
2019-03-04T15:40:41.000Z,55.733895,26.072238,0,5890
2019-03-04T15:51:48.000Z,55.77901800000001,26.098457,28,5730
2019-03-04T15:51:48.000Z,55.77901800000001,26.098457,28,5730
2019-03-04T15:51:48.000Z,55.77901800000001,26.098457,28,5730
2019-03-04T15:51:48.000Z,55.77901800000001,26.098457,28,5730
2019-03-04T15:59:00.000Z,55.806522,26.116718,28,5150
2019-03-04T15:59:00.000Z,55.806522,26.116718,28,5150
2019-03-04T15:59:00.000Z,55.806522,26.116718,28,5150
2019-03-04T15:59:00.000Z,55.806522,26.116718,28,5150
2019-03-04T16:03:49.000Z,55.824508,26.12949,28,5180
2019-03-04T16:03:49.000Z,55.824508,26.12949,28,5180
2019-03-04T16:03:49.000Z,55.824508,26.12949,28,5180
2019-03-04T16:03:49.000Z,55.824508,26.12949,28,5180
2019-03-04T16:08:13.000Z,55.84074,26.141485,28,5000
2019-03-04T16:08:13.000Z,55.84074,26.141485,28,5000
2019-03-04T16:08:13.000Z,55.84074,26.141485,28,5000
2019-03-04T16:08:13.000Z,55.84074,26.141485,28,5000
2019-03-04T16:16:10.000Z,55.869228,26.163182,0,4960
2019-03-04T16:41:23.000Z,55.964213,26.230968,0,5210
2019-03-04T17:33:03.000Z,56.155742,26.36805,0,5230
2019-03-04T17:58:11.000Z,56.248128,26.425828000000006,0,5580
2019-03-04T18:49:58.000Z,56.44400699999999,26.540517,0,6410
2019-03-04T19:19:19.000Z,56.563863,26.548385,0,13340
2019-03-04T19:52:19.000Z,56.63916800000001,26.439875,0,15280
2019-03-04T20:17:27.000Z,56.675953,26.346225,0,16290
2019-03-04T20:45:40.000Z,56.70912,26.234223,0,16820
2019-03-04T21:11:47.000Z,56.732907,26.12597,0,15790
2019-03-04T21:38:06.000Z,56.788323,26.02762,0,15340
2019-03-04T23:14:35.000Z,56.971108,25.665103,0,15290
2019-03-05T00:05:41.000Z,57.12218000000001,25.499698,0,13920
2019-03-05T00:31:30.000Z,57.19982,25.418158,0,13910
2019-03-05T05:48:41.000Z,58.178613,24.474347,0,13680
2019-03-05T06:04:22.000Z,58.22624,24.427067,27,13720
2019-03-05T06:04:22.000Z,58.22624,24.427067,27,13720
2019-03-05T06:04:22.000Z,58.22624,24.427067,27,13720
2019-03-05T06:04:22.000Z,58.22624,24.427067,27,13720
2019-03-05T08:05:44.000Z,58.59490699999999,24.087787,26,13400
2019-03-05T08:05:44.000Z,58.59490699999999,24.087787,26,13400
2019-03-05T08:05:44.000Z,58.59490699999999,24.087787,26,13400
2019-03-05T08:05:44.000Z,58.59490699999999,24.087787,26,13400
2019-03-05T08:08:54.000Z,58.60440300000001,24.079325,0,13380
2019-03-05T08:30:24.000Z,58.669778,24.019170000000006,0,14140
2019-03-05T08:39:02.000Z,58.692595,23.993337,0,14070
2019-03-05T08:50:34.000Z,58.723548,23.958307,0,14080
2019-03-05T09:07:03.000Z,58.766632,23.90892,0,14250
2019-03-05T15:40:44.000Z,59.886397,22.654037,27,13960
2019-03-05T15:40:44.000Z,59.886397,22.654037,27,13960
2019-03-05T15:40:44.000Z,59.886397,22.654037,27,13960
2019-03-05T15:40:44.000Z,59.886397,22.654037,27,13960
2019-03-05T17:58:45.000Z,59.99446999999999,22.17003,23,17820
2019-03-05T17:58:45.000Z,59.99446999999999,22.17003,23,17820
2019-03-05T17:58:45.000Z,59.99446999999999,22.17003,23,17820
2019-03-05T17:58:45.000Z,59.99446999999999,22.17003,23,17820
2019-03-05T23:04:14.000Z,59.63336,21.099867,24,19640
2019-03-05T23:04:14.000Z,59.63336,21.099867,24,19640
2019-03-05T23:04:14.000Z,59.63336,21.099867,24,19640
2019-03-05T23:04:14.000Z,59.63336,21.099867,24,19640
2019-03-06T03:49:13.000Z,59.163715,20.068342,0,21880
2019-03-06T03:49:19.000Z,59.163487,20.068073,27,21850
2019-03-06T03:49:19.000Z,59.163487,20.068073,27,21850
2019-03-06T03:49:19.000Z,59.163487,20.068073,27,21850
2019-03-06T03:49:19.000Z,59.163487,20.068073,27,21850
2019-03-06T05:57:21.000Z,58.843465,19.669375,25,21760
2019-03-06T05:57:21.000Z,58.843465,19.669375,25,21760
2019-03-06T05:57:21.000Z,58.843465,19.669375,25,21760
2019-03-06T05:57:21.000Z,58.843465,19.669375,25,21760
2019-03-06T06:07:27.000Z,58.818587,19.639013,0,21800
2019-03-06T06:07:47.000Z,58.81780500000001,19.638045,0,21800
2019-03-06T06:09:28.000Z,58.813307,19.63256,0,21810
2019-03-06T06:09:44.000Z,58.8128,19.631947,0,21840
2019-03-06T06:36:26.000Z,58.74542,19.55028,0,21880
2019-03-06T07:27:43.000Z,58.61254200000001,19.393595,0,21900
2019-03-06T07:54:08.000Z,58.54589300000001,19.31317,0,21810
2019-03-06T07:59:54.000Z,58.53128,19.295307,0,21760
2019-03-06T08:08:02.000Z,58.510853,19.270347,25,21750
2019-03-06T08:08:02.000Z,58.510853,19.270347,25,21750
2019-03-06T08:08:02.000Z,58.510853,19.270347,25,21750
2019-03-06T08:08:02.000Z,58.510853,19.270347,25,21750
2019-03-06T09:18:42.000Z,58.33391999999999,19.048667,0,21680
2019-03-06T09:43:31.000Z,58.271653,18.97024,26,21750
2019-03-06T09:43:31.000Z,58.271653,18.97024,26,21750
2019-03-06T09:43:31.000Z,58.271653,18.97024,26,21750
2019-03-06T09:43:31.000Z,58.271653,18.97024,26,21750
2019-03-06T10:07:23.000Z,58.212023,18.895427,0,21760
2019-03-06T10:11:13.000Z,58.20170699999999,18.882453,26,21690
2019-03-06T10:11:13.000Z,58.20170699999999,18.882453,26,21690
2019-03-06T10:11:13.000Z,58.20170699999999,18.882453,26,21690
2019-03-06T10:11:13.000Z,58.20170699999999,18.882453,26,21690
2019-03-06T10:13:25.000Z,58.19616,18.875413,26,21670
2019-03-06T10:13:25.000Z,58.19616,18.875413,26,21670
2019-03-06T10:13:25.000Z,58.19616,18.875413,26,21670
2019-03-06T10:13:25.000Z,58.19616,18.875413,26,21670
2019-03-06T10:13:42.000Z,58.19544000000001,18.874507,26,21620
2019-03-06T10:13:42.000Z,58.19544000000001,18.874507,26,21620
2019-03-06T10:13:42.000Z,58.19544000000001,18.874507,26,21620
2019-03-06T10:13:42.000Z,58.19544000000001,18.874507,26,21620
2019-03-06T10:51:47.000Z,58.098298,18.758457,0,21840
2019-03-06T11:17:22.000Z,58.030745,18.6813,0,22130
2019-03-06T16:58:39.000Z,57.099772,17.686013,0,22130
2019-03-06T18:06:07.000Z,56.932812,17.500132,0,22130
2019-03-06T18:41:57.000Z,56.84848,17.402427,23,21830
2019-03-06T18:41:57.000Z,56.84848,17.402427,23,21830
2019-03-06T18:41:57.000Z,56.84848,17.402427,23,21830
2019-03-06T18:41:57.000Z,56.84848,17.402427,23,21830
2019-03-06T19:07:14.000Z,56.789152,17.334335,23,22350
2019-03-06T19:07:14.000Z,56.789152,17.334335,23,22350
2019-03-06T19:07:14.000Z,56.789152,17.334335,23,22350
2019-03-06T19:07:14.000Z,56.789152,17.334335,23,22350
2019-03-06T19:07:44.000Z,56.78788,17.333015,23,22210
2019-03-06T19:07:44.000Z,56.78788,17.333015,23,22210
2019-03-06T19:07:44.000Z,56.78788,17.333015,23,22210
2019-03-06T19:07:44.000Z,56.78788,17.333015,23,22210
2019-03-06T22:06:28.000Z,56.19696,17.07936,23,25790
2019-03-06T22:06:28.000Z,56.19696,17.07936,23,25790
2019-03-06T22:06:28.000Z,56.19696,17.07936,23,25790
2019-03-06T22:06:28.000Z,56.19696,17.07936,23,25790
2019-03-06T23:37:23.000Z,55.862077,17.013867,24,25670
2019-03-06T23:37:23.000Z,55.862077,17.013867,24,25670
2019-03-06T23:37:23.000Z,55.862077,17.013867,24,25670
2019-03-06T23:37:23.000Z,55.862077,17.013867,24,25670
2019-03-07T04:08:29.000Z,54.805375,16.78416,0,28320
2019-03-07T04:09:48.000Z,54.8003,16.785220000000002,25,28210
2019-03-07T04:09:48.000Z,54.8003,16.785220000000002,25,28210
2019-03-07T04:09:48.000Z,54.8003,16.785220000000002,25,28210
2019-03-07T04:09:48.000Z,54.8003,16.785220000000002,25,28210
2019-03-07T05:50:45.000Z,54.42736,16.87584,0,28440
2019-03-07T06:05:10.000Z,54.3768,16.888613,0,28500
2019-03-07T06:47:10.000Z,54.268587,16.902133,0,20670
2019-03-07T06:47:21.000Z,54.26848,16.901947,0,20950
2019-03-07T06:48:01.000Z,54.26789300000001,16.901227,0,22020
2019-03-07T06:48:09.000Z,54.26789300000001,16.901227,9,22020
2019-03-07T06:48:09.000Z,54.26789300000001,16.901227,9,22020
2019-03-07T06:48:09.000Z,54.26789300000001,16.901227,9,22020
2019-03-07T06:48:09.000Z,54.26789300000001,16.901227,9,22020
2019-03-07T06:48:19.000Z,54.267707,16.901067,9,22500
2019-03-07T06:48:19.000Z,54.267707,16.901067,9,22500
2019-03-07T06:48:19.000Z,54.267707,16.901067,9,22500
2019-03-07T06:48:19.000Z,54.267707,16.901067,9,22500
2019-03-07T06:50:08.000Z,54.264713,16.900157999999998,0,25830
2019-03-07T07:02:55.000Z,54.23104,16.906292999999998,17,28100
2019-03-07T07:02:55.000Z,54.23104,16.906292999999998,17,28100
2019-03-07T07:02:55.000Z,54.23104,16.906292999999998,17,28100
2019-03-07T07:02:55.000Z,54.23104,16.906292999999998,17,28100
2019-03-07T08:03:49.000Z,54.13496,16.917947,0,26470
2019-03-07T08:04:39.000Z,54.13464000000001,16.918027,0,26320
2019-03-07T08:06:10.000Z,54.134053,16.918132999999994,0,26050
2019-03-07T08:29:01.000Z,54.128582,16.91969,0,7290
2019-03-07T09:01:52.000Z,54.112357,16.934967,0,31910
2019-03-07T09:17:01.000Z,54.086738,16.948283,0,27740
2019-03-07T09:17:10.000Z,54.086477,16.948323000000002,0,27950
2019-03-07T09:17:41.000Z,54.085537,16.948473,12,27900
2019-03-07T09:17:41.000Z,54.085537,16.948473,12,27900
2019-03-07T09:17:41.000Z,54.085537,16.948473,12,27900
2019-03-07T09:17:41.000Z,54.085537,16.948473,12,27900
2019-03-07T09:27:32.000Z,54.06247,16.95189,0,27960
2019-03-07T09:43:11.000Z,54.03394,16.954475,0,26180
2019-03-07T09:43:20.000Z,54.033533,16.954420000000002,0,26020
2019-03-07T09:43:51.000Z,54.032677,16.954258,0,25730
2019-03-07T09:44:51.000Z,54.03120300000001,16.953772,9,25080
2019-03-07T09:44:51.000Z,54.03120300000001,16.953772,9,25080
2019-03-07T09:44:51.000Z,54.03120300000001,16.953772,9,25080
2019-03-07T09:44:51.000Z,54.03120300000001,16.953772,9,25080
2019-03-07T09:44:59.000Z,54.030987,16.95368,0,24770
2019-03-07T09:48:10.000Z,54.027197,16.951635,0,24180
2019-03-07T09:48:51.000Z,54.0264,16.95121,0,24120
2019-03-07T09:49:11.000Z,54.026015,16.951,0,24020
2019-03-07T09:49:19.000Z,54.025813,16.950879999999998,0,24040
2019-03-07T09:49:50.000Z,54.025253,16.950592999999998,0,24000
2019-03-07T09:50:31.000Z,54.02450200000001,16.950212,0,24160
2019-03-07T09:50:40.000Z,54.02432,16.950115,0,24110
2019-03-07T09:51:01.000Z,54.02396,16.949927,0,24100
2019-03-07T09:51:30.000Z,54.023472,16.949652,0,24070
2019-03-07T09:51:40.000Z,54.023313,16.94956,7,24100
2019-03-07T09:51:40.000Z,54.023313,16.94956,7,24100
2019-03-07T09:51:40.000Z,54.023313,16.94956,7,24100
2019-03-07T09:51:40.000Z,54.023313,16.94956,7,24100
2019-03-07T09:53:13.000Z,54.021677,16.948701999999994,0,24110
2019-03-07T09:54:12.000Z,54.02079300000001,16.948232,0,24210
2019-03-07T09:56:00.000Z,54.019268,16.94749,5,24510
2019-03-07T09:56:00.000Z,54.019268,16.94749,5,24510
2019-03-07T09:56:00.000Z,54.019268,16.94749,5,24510
2019-03-07T09:56:00.000Z,54.019268,16.94749,5,24510
2019-03-07T09:57:46.000Z,54.01792,16.946907,0,24440
2019-03-07T10:10:15.000Z,54.015333,16.946507,0,19290
2019-03-07T10:10:15.000Z,54.015333,16.946507,0,19290
2019-03-07T10:10:15.000Z,54.015333,16.946507,0,19290
2019-03-07T10:10:15.000Z,54.015333,16.946507,0,19290
2019-03-07T10:18:22.000Z,54.013298,16.946667,0,26390
2019-03-07T10:33:52.000Z,54.011392,16.947267999999998,0,6590
2019-03-07T10:33:52.000Z,54.011392,16.947267999999998,0,6590
2019-03-07T10:33:52.000Z,54.011392,16.947267999999998,0,6590
2019-03-07T10:33:52.000Z,54.011392,16.947267999999998,0,6590
2019-03-07T10:41:52.000Z,54.011387,16.947253,0,24600
2019-03-07T10:41:52.000Z,54.011387,16.947253,0,24600
2019-03-07T10:41:52.000Z,54.011387,16.947253,0,24600
2019-03-07T10:41:52.000Z,54.011387,16.947253,0,24600
2019-03-07T10:48:01.000Z,54.011403,16.947285,0,6600
2019-03-07T11:18:02.000Z,54.011442,16.947293,0,6600
2019-03-07T12:06:03.000Z,54.01139300000001,16.947228,0,6600
2019-03-07T13:18:05.000Z,54.011477,16.947326999999998,0,6600
2019-03-07T13:45:06.000Z,54.01139499999999,16.947242000000006,0,6590
2019-03-07T14:33:07.000Z,54.01139499999999,16.947267,0,6600
2019-03-07T15:00:08.000Z,54.01139300000001,16.947255,0,6590
2019-03-07T15:36:09.000Z,54.011375,16.94728,0,6590
2019-03-07T16:03:11.000Z,54.01138,16.947264999999998,0,6590
2019-03-07T16:21:11.000Z,54.011375,16.947267999999998,0,6580
2019-03-07T16:21:11.000Z,54.011375,16.947267999999998,0,6580
2019-03-07T16:21:11.000Z,54.011375,16.947267999999998,0,6580
2019-03-07T16:21:11.000Z,54.011375,16.947267999999998,0,6580
2019-03-07T16:33:12.000Z,54.0114,16.947264999999998,0,6590
2019-03-07T17:00:12.000Z,54.011392,16.947278,0,6590
2019-03-07T17:30:13.000Z,54.011373,16.947283,0,24590
2019-03-07T18:00:15.000Z,54.01139499999999,16.94726,0,6580
2019-03-07T18:33:11.000Z,54.011415,16.947267999999998,0,6590
2019-03-07T18:33:11.000Z,54.011415,16.947267999999998,0,6590
2019-03-07T18:33:11.000Z,54.011415,16.947267999999998,0,6590
2019-03-07T18:33:11.000Z,54.011415,16.947267999999998,0,6590
2019-03-07T20:00:18.000Z,54.011397,16.947257999999998,0,6590
2019-03-07T22:00:21.000Z,54.01139300000001,16.947263,0,6600
2019-03-07T23:06:23.000Z,54.011378,16.947267,0,6600
2019-03-07T23:36:24.000Z,54.011368,16.947223,0,6600
2019-03-08T01:30:28.000Z,54.011382,16.947248000000002,0,6600
2019-03-08T01:55:35.000Z,54.012068000000006,16.946157,0,7100
2019-03-08T02:06:13.000Z,54.024945,16.950712,0,6860
2019-03-08T02:06:22.000Z,54.025163,16.950797,0,6760
2019-03-08T02:07:04.000Z,54.026312,16.951245,0,6850
2019-03-08T02:07:13.000Z,54.026585,16.951352,0,6760
2019-03-08T02:07:22.000Z,54.02683199999999,16.95145,0,6770
2019-03-08T02:08:22.000Z,54.028508,16.952107,0,6810
2019-03-08T02:08:33.000Z,54.028868,16.952247,0,6770
2019-03-08T02:08:42.000Z,54.02914499999999,16.952353,0,6640
2019-03-08T02:09:13.000Z,54.030135,16.952758,0,6580
2019-03-08T02:09:22.000Z,54.030435,16.952883,0,6580
2019-03-08T02:10:03.000Z,54.031852,16.95351,0,6660
2019-03-08T02:10:13.000Z,54.032177,16.953651999999998,0,6580
2019-03-08T02:10:22.000Z,54.03254499999999,16.953812,0,6490
2019-03-08T02:11:03.000Z,54.03408,16.954535,0,5980
2019-03-08T02:11:13.000Z,54.03442,16.954707,0,6240
2019-03-08T02:11:22.000Z,54.0348,16.954893,0,6280
2019-03-08T02:11:49.000Z,54.035825,16.955288,0,7170
2019-03-08T02:11:53.000Z,54.036027,16.95534,0,7500
2019-03-08T02:12:00.000Z,54.03627,16.955388,0,7750
2019-03-08T02:12:05.000Z,54.036513,16.955413,0,8260
2019-03-08T02:12:26.000Z,54.037352,16.955392,0,9730
2019-03-08T02:13:42.000Z,54.040378,16.954698,0,10570
2019-03-08T02:14:22.000Z,54.042092,16.954276999999998,0,10340
2019-03-08T02:16:43.000Z,54.048532,16.95225,0,10960
2019-03-08T02:16:52.000Z,54.04891800000001,16.952117,0,11030
2019-03-08T02:17:32.000Z,54.050978,16.95141,0,10980
2019-03-08T02:17:43.000Z,54.051548,16.951204999999998,0,11090
2019-03-08T02:18:32.000Z,54.054207,16.95029,0,10930
2019-03-08T02:19:22.000Z,54.057017,16.949342,0,10920
2019-03-08T02:20:13.000Z,54.06016500000001,16.948297,0,10900
2019-03-08T02:20:53.000Z,54.062633,16.947467,0,10940
2019-03-08T02:21:58.000Z,54.066977,16.945978,0,10980
2019-03-08T02:22:04.000Z,54.067382,16.945838000000002,0,10960
2019-03-08T02:23:17.000Z,54.07239300000001,16.944107000000002,28,11000
2019-03-08T02:23:17.000Z,54.07239300000001,16.944107000000002,28,11000
2019-03-08T02:23:17.000Z,54.07239300000001,16.944107000000002,28,11000
2019-03-08T02:23:17.000Z,54.07239300000001,16.944107000000002,28,11000
2019-03-08T02:29:35.000Z,54.097982,16.930968,30,13150
2019-03-08T02:29:35.000Z,54.097982,16.930968,30,13150
2019-03-08T02:29:35.000Z,54.097982,16.930968,30,13150
2019-03-08T02:29:35.000Z,54.097982,16.930968,30,13150
2019-03-08T03:24:23.000Z,54.01466,16.690665,32,20390
2019-03-08T03:24:23.000Z,54.01466,16.690665,32,20390
2019-03-08T03:24:23.000Z,54.01466,16.690665,32,20390
2019-03-08T03:24:23.000Z,54.01466,16.690665,32,20390
2019-03-08T04:14:55.000Z,53.907667,16.461438,33,20430
2019-03-08T04:14:55.000Z,53.907667,16.461438,33,20430
2019-03-08T04:14:55.000Z,53.907667,16.461438,33,20430
2019-03-08T04:14:55.000Z,53.907667,16.461438,33,20430
2019-03-08T05:04:07.000Z,53.81155500000001,16.233267,0,20240
2019-03-08T05:19:29.000Z,53.78173,16.161557000000002,0,20100
2019-03-08T05:28:30.000Z,53.7648,16.118853,0,19970
2019-03-08T05:32:27.000Z,53.758107,16.101387,0,20050
2019-03-08T05:34:47.000Z,53.753618,16.089505,0,20050
2019-03-08T05:47:26.000Z,53.730347,16.0312,0,20180
2019-03-08T05:49:59.000Z,53.725188,16.018615,0,20140
2019-03-08T06:00:24.000Z,53.703708,15.97079,33,20350
2019-03-08T06:00:24.000Z,53.703708,15.97079,33,20350
2019-03-08T06:00:24.000Z,53.703708,15.97079,33,20350
2019-03-08T06:00:24.000Z,53.703708,15.97079,33,20350
2019-03-08T06:06:04.000Z,53.69179000000001,15.944717,0,20380
2019-03-08T06:23:47.000Z,53.656907,15.86176,0,20200
2019-03-08T06:23:59.000Z,53.656533,15.860827,0,20200
2019-03-08T06:25:12.000Z,53.65416,15.855227,0,20190
2019-03-08T06:25:48.000Z,53.65304,15.852533,0,20200
2019-03-08T06:26:37.000Z,53.651467,15.848853,32,20250
2019-03-08T06:26:37.000Z,53.651467,15.848853,32,20250
2019-03-08T06:26:37.000Z,53.651467,15.848853,32,20250
2019-03-08T06:26:37.000Z,53.651467,15.848853,32,20250
2019-03-08T06:40:16.000Z,53.62546700000001,15.786747,32,20170
2019-03-08T06:40:16.000Z,53.62546700000001,15.786747,32,20170
2019-03-08T06:40:16.000Z,53.62546700000001,15.786747,32,20170
2019-03-08T06:40:16.000Z,53.62546700000001,15.786747,32,20170
2019-03-08T06:54:17.000Z,53.5988,15.72416,0,20250
2019-03-08T06:54:41.000Z,53.598027,15.722373,0,20250
2019-03-08T09:11:57.000Z,53.335413,15.115253,31,20400
2019-03-08T09:11:57.000Z,53.335413,15.115253,31,20400
2019-03-08T09:11:57.000Z,53.335413,15.115253,31,20400
2019-03-08T09:11:57.000Z,53.335413,15.115253,31,20400
2019-03-08T09:13:53.000Z,53.331333,15.106507,0,20410
2019-03-08T09:15:16.000Z,53.32864,15.10072,31,20410
2019-03-08T09:15:16.000Z,53.32864,15.10072,31,20410
2019-03-08T09:15:16.000Z,53.32864,15.10072,31,20410
2019-03-08T09:15:16.000Z,53.32864,15.10072,31,20410
2019-03-08T09:19:57.000Z,53.319067,15.080132999999998,31,20480
2019-03-08T09:19:57.000Z,53.319067,15.080132999999998,31,20480
2019-03-08T09:19:57.000Z,53.319067,15.080132999999998,31,20480
2019-03-08T09:19:57.000Z,53.319067,15.080132999999998,31,20480
2019-03-08T09:22:33.000Z,53.313707,15.068773,31,20420
2019-03-08T09:22:33.000Z,53.313707,15.068773,31,20420
2019-03-08T09:22:33.000Z,53.313707,15.068773,31,20420
2019-03-08T09:22:33.000Z,53.313707,15.068773,31,20420
2019-03-08T09:23:21.000Z,53.31208,15.065253,31,20430
2019-03-08T09:23:21.000Z,53.31208,15.065253,31,20430
2019-03-08T09:23:21.000Z,53.31208,15.065253,31,20430
2019-03-08T09:23:21.000Z,53.31208,15.065253,31,20430
2019-03-08T09:35:27.000Z,53.287227,15.011679999999998,0,20430
2019-03-08T09:37:52.000Z,53.28265500000001,15.001502,32,20390
2019-03-08T09:37:52.000Z,53.28265500000001,15.001502,32,20390
2019-03-08T09:37:52.000Z,53.28265500000001,15.001502,32,20390
2019-03-08T09:37:52.000Z,53.28265500000001,15.001502,32,20390
2019-03-08T09:58:57.000Z,53.242693,14.907493,0,20150
2019-03-08T09:59:51.000Z,53.24104000000001,14.903493,0,20150
2019-03-08T10:00:09.000Z,53.240453,14.902079999999998,0,20170
2019-03-08T10:22:47.000Z,53.197492,14.803055,31,20640
2019-03-08T10:22:47.000Z,53.197492,14.803055,31,20640
2019-03-08T10:22:47.000Z,53.197492,14.803055,31,20640
2019-03-08T10:22:47.000Z,53.197492,14.803055,31,20640
2019-03-08T10:47:45.000Z,53.143333,14.695253,0,20540
2019-03-08T10:47:51.000Z,53.14312,14.694826999999998,0,20510
2019-03-08T10:47:54.000Z,53.142907,14.6944,32,20530
2019-03-08T10:47:54.000Z,53.142907,14.6944,32,20530
2019-03-08T10:47:54.000Z,53.142907,14.6944,32,20530
2019-03-08T10:47:54.000Z,53.142907,14.6944,32,20530
2019-03-08T15:08:52.000Z,52.057627,14.179087,30,25320
2019-03-08T15:08:52.000Z,52.057627,14.179087,30,25320
2019-03-08T15:08:52.000Z,52.057627,14.179087,30,25320
2019-03-08T15:08:52.000Z,52.057627,14.179087,30,25320
2019-03-08T15:35:35.000Z,51.93654,14.142728,30,25290
2019-03-08T15:35:35.000Z,51.93654,14.142728,30,25290
2019-03-08T15:35:35.000Z,51.93654,14.142728,30,25290
2019-03-08T15:35:35.000Z,51.93654,14.142728,30,25290
2019-03-08T16:29:14.000Z,51.690728,14.071018,0,25200
2019-03-08T16:37:16.000Z,51.65433,14.05979,30,25270
2019-03-08T16:37:16.000Z,51.65433,14.05979,30,25270
2019-03-08T16:37:16.000Z,51.65433,14.05979,30,25270
2019-03-08T16:37:16.000Z,51.65433,14.05979,30,25270
2019-03-08T16:37:22.000Z,51.653952,14.059675,30,25220
2019-03-08T16:37:22.000Z,51.653952,14.059675,30,25220
2019-03-08T16:37:22.000Z,51.653952,14.059675,30,25220
2019-03-08T16:37:22.000Z,51.653952,14.059675,30,25220
2019-03-08T17:21:42.000Z,51.451075,13.99918,0,25280
2019-03-08T17:23:22.000Z,51.442907,13.996720000000002,0,25380
2019-03-08T18:02:31.000Z,51.26416,13.9448,0,25290
2019-03-08T18:14:42.000Z,51.20728,13.927707,0,25250
2019-03-08T18:15:42.000Z,51.2028,13.926293,0,25060
2019-03-08T18:16:00.000Z,51.201467,13.92584,0,25010
2019-03-08T18:16:12.000Z,51.20056,13.92552,0,25030
2019-03-08T18:16:42.000Z,51.198347,13.92472,0,24980
2019-03-08T18:18:12.000Z,51.19168,13.922373,0,25140
2019-03-08T18:24:30.000Z,51.163887,13.912915,0,25000
2019-03-08T18:24:41.000Z,51.163067,13.912632,0,25020
2019-03-08T18:26:41.000Z,51.154117,13.909583,0,25120
2019-03-08T18:26:54.000Z,51.153148,13.909254999999998,0,25070
2019-03-08T18:29:23.000Z,51.141947,13.905467000000002,30,25020
2019-03-08T18:29:23.000Z,51.141947,13.905467000000002,30,25020
2019-03-08T18:29:23.000Z,51.141947,13.905467000000002,30,25020
2019-03-08T18:29:23.000Z,51.141947,13.905467000000002,30,25020
2019-03-08T18:29:53.000Z,51.13976,13.90472,0,25080
2019-03-08T18:32:46.000Z,51.126747,13.90032,0,25080
2019-03-08T18:34:40.000Z,51.118187,13.89744,30,25110
2019-03-08T18:34:40.000Z,51.118187,13.89744,30,25110
2019-03-08T18:34:40.000Z,51.118187,13.89744,30,25110
2019-03-08T18:34:40.000Z,51.118187,13.89744,30,25110
2019-03-08T18:55:38.000Z,51.022987,13.866801999999998,0,25240
2019-03-08T18:56:06.000Z,51.020613,13.866053,0,25220
2019-03-08T18:56:27.000Z,51.020133,13.865893,0,25190
2019-03-08T19:02:26.000Z,50.991813,13.857173,0,25280
2019-03-08T19:13:12.000Z,50.943035,13.842372,30,25290
2019-03-08T19:13:12.000Z,50.943035,13.842372,30,25290
2019-03-08T19:13:12.000Z,50.943035,13.842372,30,25290
2019-03-08T19:13:12.000Z,50.943035,13.842372,30,25290
2019-03-08T19:15:00.000Z,50.934715,13.839902,30,25300
2019-03-08T19:15:00.000Z,50.934715,13.839902,30,25300
2019-03-08T19:15:00.000Z,50.934715,13.839902,30,25300
2019-03-08T19:15:00.000Z,50.934715,13.839902,30,25300
2019-03-08T19:15:18.000Z,50.933343,13.839492000000002,0,25240
2019-03-08T19:15:31.000Z,50.932427,13.839218,0,25340
2019-03-08T19:16:49.000Z,50.926388,13.83744,0,25340
2019-03-08T19:17:13.000Z,50.92463,13.836923,0,25280
2019-03-08T19:28:53.000Z,50.870412,13.821142000000002,0,25460
2019-03-08T19:30:56.000Z,50.860773,13.818373,0,25310
2019-03-08T19:50:36.000Z,50.770613,13.792267,0,25250
2019-03-08T19:50:41.000Z,50.77016,13.792132999999998,30,25310
2019-03-08T19:50:41.000Z,50.77016,13.792132999999998,30,25310
2019-03-08T19:50:41.000Z,50.77016,13.792132999999998,30,25310
2019-03-08T19:50:41.000Z,50.77016,13.792132999999998,30,25310
2019-03-08T19:54:18.000Z,50.753653,13.7872,0,25330
2019-03-08T19:54:31.000Z,50.752667,13.786907,0,25360
2019-03-08T19:54:36.000Z,50.752293,13.786773,0,25280
2019-03-08T20:10:08.000Z,50.68176,13.766293,0,25370
2019-03-08T20:11:43.000Z,50.674453,13.764187,0,25320
2019-03-08T20:15:12.000Z,50.658453,13.759573,0,25340
2019-03-08T20:16:11.000Z,50.653893,13.758293,0,25370
2019-03-08T20:17:24.000Z,50.648453,13.75672,0,25420
2019-03-08T20:17:29.000Z,50.648133,13.75664,0,25330
2019-03-08T20:36:08.000Z,50.564507,13.731173000000002,0,25280
2019-03-08T20:40:02.000Z,50.54744,13.725973000000002,0,25220
2019-03-08T20:48:35.000Z,50.509545,13.712913,30,24990
2019-03-08T20:48:35.000Z,50.509545,13.712913,30,24990
2019-03-08T20:48:35.000Z,50.509545,13.712913,30,24990
2019-03-08T20:48:35.000Z,50.509545,13.712913,30,24990
2019-03-08T20:51:01.000Z,50.49887800000001,13.709155,0,24970
2019-03-08T21:07:22.000Z,50.426427,13.683013,0,24930
2019-03-08T21:23:53.000Z,50.353835,13.654682,31,24750
2019-03-08T21:23:53.000Z,50.353835,13.654682,31,24750
2019-03-08T21:23:53.000Z,50.353835,13.654682,31,24750
2019-03-08T21:23:53.000Z,50.353835,13.654682,31,24750
2019-03-08T21:38:32.000Z,50.286507,13.6292,0,25100
2019-03-08T21:56:17.000Z,50.203665,13.60336,32,25330
2019-03-08T21:56:17.000Z,50.203665,13.60336,32,25330
2019-03-08T21:56:17.000Z,50.203665,13.60336,32,25330
2019-03-08T21:56:17.000Z,50.203665,13.60336,32,25330
2019-03-08T22:13:06.000Z,50.124457,13.57939,0,25220
2019-03-08T22:31:05.000Z,50.04031,13.553057999999998,31,25250
2019-03-08T22:31:05.000Z,50.04031,13.553057999999998,31,25250
2019-03-08T22:31:05.000Z,50.04031,13.553057999999998,31,25250
2019-03-08T22:31:05.000Z,50.04031,13.553057999999998,31,25250
2019-03-08T22:35:17.000Z,50.02008,13.5468,0,25260
2019-03-08T22:38:57.000Z,50.003307,13.541547,0,25240
2019-03-08T22:44:28.000Z,49.977547,13.533467000000002,0,25230
2019-03-08T22:44:45.000Z,49.976213,13.53304,0,25210
2019-03-08T22:44:52.000Z,49.97568,13.53288,0,25230
2019-03-08T22:45:36.000Z,49.972507,13.531893,0,25210
2019-03-08T22:50:26.000Z,49.949387,13.524693,0,25270
2019-03-08T23:06:41.000Z,49.874828,13.502195,31,25310
2019-03-08T23:06:41.000Z,49.874828,13.502195,31,25310
2019-03-08T23:06:41.000Z,49.874828,13.502195,31,25310
2019-03-08T23:06:41.000Z,49.874828,13.502195,31,25310
2019-03-08T23:14:03.000Z,49.84008,13.491732999999998,0,25280
2019-03-08T23:14:09.000Z,49.8396,13.491573,0,25370
2019-03-08T23:14:57.000Z,49.835893,13.490479999999998,0,25280
2019-03-08T23:16:28.000Z,49.82888,13.488373,0,25320
2019-03-08T23:37:34.000Z,49.731928,13.460337,31,25280
2019-03-08T23:37:34.000Z,49.731928,13.460337,31,25280
2019-03-08T23:37:34.000Z,49.731928,13.460337,31,25280
2019-03-08T23:37:34.000Z,49.731928,13.460337,31,25280
2019-03-09T01:16:44.000Z,49.280972,13.314977,31,25210
2019-03-09T01:16:44.000Z,49.280972,13.314977,31,25210
2019-03-09T01:16:44.000Z,49.280972,13.314977,31,25210
2019-03-09T01:16:44.000Z,49.280972,13.314977,31,25210
2019-03-09T01:23:57.000Z,49.248893,13.304973,31,25200
2019-03-09T01:23:57.000Z,49.248893,13.304973,31,25200
2019-03-09T01:23:57.000Z,49.248893,13.304973,31,25200
2019-03-09T01:23:57.000Z,49.248893,13.304973,31,25200
2019-03-09T01:25:32.000Z,49.241653,13.302673,0,25190
2019-03-09T03:10:09.000Z,48.765255,13.159132,31,25390
2019-03-09T03:10:09.000Z,48.765255,13.159132,31,25390
2019-03-09T03:10:09.000Z,48.765255,13.159132,31,25390
2019-03-09T03:10:09.000Z,48.765255,13.159132,31,25390
2019-03-09T03:46:32.000Z,48.596195,13.112602,0,25310
2019-03-09T03:58:11.000Z,48.542383,13.097538,31,25440
2019-03-09T03:58:11.000Z,48.542383,13.097538,31,25440
2019-03-09T03:58:11.000Z,48.542383,13.097538,31,25440
2019-03-09T03:58:11.000Z,48.542383,13.097538,31,25440
2019-03-09T04:43:38.000Z,48.333247,13.037675,0,25170
2019-03-09T04:43:40.000Z,48.333247,13.037675,30,25170
2019-03-09T04:43:40.000Z,48.333247,13.037675,30,25170
2019-03-09T04:43:40.000Z,48.333247,13.037675,30,25170
2019-03-09T04:43:40.000Z,48.333247,13.037675,30,25170
2019-03-09T04:46:34.000Z,48.320223,13.03342,30,25130
2019-03-09T04:46:34.000Z,48.320223,13.03342,30,25130
2019-03-09T04:46:34.000Z,48.320223,13.03342,30,25130
2019-03-09T04:46:34.000Z,48.320223,13.03342,30,25130
2019-03-09T05:12:51.000Z,48.201147,12.99544,0,25230
2019-03-09T05:13:04.000Z,48.20024,12.995173,0,25270
2019-03-09T05:13:16.000Z,48.199333,12.99488,0,25250
2019-03-09T05:15:17.000Z,48.1904,12.992107,0,25230
2019-03-09T05:15:40.000Z,48.188613,12.991547,0,25230
2019-03-09T05:16:16.000Z,48.18592,12.99072,0,25250
2019-03-09T05:25:21.000Z,48.146827,12.977813,0,24710
2019-03-09T05:29:52.000Z,48.127928,12.969687,0,24600
2019-03-09T05:52:24.000Z,48.03336,12.92848,30,24830
2019-03-09T05:52:24.000Z,48.03336,12.92848,30,24830
2019-03-09T05:52:24.000Z,48.03336,12.92848,30,24830
2019-03-09T05:52:24.000Z,48.03336,12.92848,30,24830
2019-03-09T06:03:53.000Z,47.981227,12.909707,0,25280
2019-03-09T06:04:17.000Z,47.979413,12.909147,30,25290
2019-03-09T06:04:17.000Z,47.979413,12.909147,30,25290
2019-03-09T06:04:17.000Z,47.979413,12.909147,30,25290
2019-03-09T06:04:17.000Z,47.979413,12.909147,30,25290
2019-03-09T06:19:04.000Z,47.912693,12.888987,0,25300
2019-03-09T06:30:52.000Z,47.85944,12.872747,0,25260
2019-03-09T06:31:41.000Z,47.855813,12.871627,0,25270
2019-03-09T06:44:00.000Z,47.799627,12.85456,0,25230
2019-03-09T06:46:01.000Z,47.791047,12.851885,30,25220
2019-03-09T06:46:01.000Z,47.791047,12.851885,30,25220
2019-03-09T06:46:01.000Z,47.791047,12.851885,30,25220
2019-03-09T06:46:01.000Z,47.791047,12.851885,30,25220
2019-03-09T06:48:56.000Z,47.778373,12.84792,0,25230
2019-03-09T06:49:48.000Z,47.773858,12.84653,30,25210
2019-03-09T06:49:48.000Z,47.773858,12.84653,30,25210
2019-03-09T06:49:48.000Z,47.773858,12.84653,30,25210
2019-03-09T06:49:48.000Z,47.773858,12.84653,30,25210
2019-03-09T07:01:34.000Z,47.720507,12.829227,0,25170
2019-03-09T07:13:52.000Z,47.664032,12.810735,31,25290
2019-03-09T07:13:52.000Z,47.664032,12.810735,31,25290
2019-03-09T07:13:52.000Z,47.664032,12.810735,31,25290
2019-03-09T07:13:52.000Z,47.664032,12.810735,31,25290
2019-03-09T07:33:43.000Z,47.57128,12.781387,0,25180
2019-03-09T07:33:50.000Z,47.570907,12.781253,0,25190
2019-03-09T07:34:08.000Z,47.569493,12.7808,0,25160
2019-03-09T07:34:19.000Z,47.56856,12.780507,0,25190
2019-03-09T07:34:37.000Z,47.567147,12.780053,0,25190
2019-03-09T07:34:50.000Z,47.56616,12.779707,0,25170
2019-03-09T07:35:19.000Z,47.563893,12.778987,32,25150
2019-03-09T07:35:19.000Z,47.563893,12.778987,32,25150
2019-03-09T07:35:19.000Z,47.563893,12.778987,32,25150
2019-03-09T07:35:19.000Z,47.563893,12.778987,32,25150
2019-03-09T07:38:29.000Z,47.54888,12.77432,0,25220
2019-03-09T07:38:54.000Z,47.547013,12.773733,0,25200
2019-03-09T07:39:24.000Z,47.544613,12.77296,0,25150
2019-03-09T07:56:38.000Z,47.46448,12.747493,31,25220
2019-03-09T07:56:38.000Z,47.46448,12.747493,31,25220
2019-03-09T07:56:38.000Z,47.46448,12.747493,31,25220
2019-03-09T07:56:38.000Z,47.46448,12.747493,31,25220
2019-03-09T08:12:20.000Z,47.39152,12.724692999999998,0,25240
2019-03-09T08:14:19.000Z,47.382133,12.72176,0,25230
2019-03-09T08:14:26.000Z,47.381653,12.721627,0,25210
2019-03-09T08:14:50.000Z,47.379787,12.721013,0,25220
2019-03-09T08:14:56.000Z,47.379307,12.72088,0,25230
2019-03-09T08:15:08.000Z,47.378373,12.720587,0,25230
2019-03-09T08:15:13.000Z,47.377893,12.720453,0,25230
2019-03-09T08:15:20.000Z,47.37744,12.720293,0,25210
2019-03-09T08:15:25.000Z,47.37696,12.72016,0,25210
2019-03-09T08:15:33.000Z,47.37648,12.72,0,25220
2019-03-09T08:16:19.000Z,47.372773,12.718853,0,25240
2019-03-09T08:16:31.000Z,47.371733,12.718533,0,25240
2019-03-09T08:17:48.000Z,47.36552,12.71656,0,25260
2019-03-09T08:18:00.000Z,47.36464,12.716293,0,25230
2019-03-09T08:19:00.000Z,47.359893,12.7148,0,25220
2019-03-09T08:19:23.000Z,47.358,12.714213,0,25230
2019-03-09T08:19:35.000Z,47.357067,12.713947,0,25240
2019-03-09T08:20:05.000Z,47.355185,12.713363,32,25250
2019-03-09T08:20:05.000Z,47.355185,12.713363,32,25250
2019-03-09T08:20:05.000Z,47.355185,12.713363,32,25250
2019-03-09T08:20:05.000Z,47.355185,12.713363,32,25250
2019-03-09T08:43:13.000Z,47.245867,12.679067,32,25200
2019-03-09T08:43:13.000Z,47.245867,12.679067,32,25200
2019-03-09T08:43:13.000Z,47.245867,12.679067,32,25200
2019-03-09T08:43:13.000Z,47.245867,12.679067,32,25200
2019-03-09T08:43:26.000Z,47.244827,12.678747,32,25220
2019-03-09T08:43:26.000Z,47.244827,12.678747,32,25220
2019-03-09T08:43:26.000Z,47.244827,12.678747,32,25220
2019-03-09T08:43:26.000Z,47.244827,12.678747,32,25220
2019-03-09T08:44:55.000Z,47.23768,12.67648,32,25200
2019-03-09T08:44:55.000Z,47.23768,12.67648,32,25200
2019-03-09T08:44:55.000Z,47.23768,12.67648,32,25200
2019-03-09T08:44:55.000Z,47.23768,12.67648,32,25200
2019-03-09T08:46:13.000Z,47.231573,12.67456,32,25230
2019-03-09T08:46:13.000Z,47.231573,12.67456,32,25230
2019-03-09T08:46:13.000Z,47.231573,12.67456,32,25230
2019-03-09T08:46:13.000Z,47.231573,12.67456,32,25230
2019-03-09T08:47:26.000Z,47.225787,12.672747,32,25210
2019-03-09T08:47:26.000Z,47.225787,12.672747,32,25210
2019-03-09T08:47:26.000Z,47.225787,12.672747,32,25210
2019-03-09T08:47:26.000Z,47.225787,12.672747,32,25210
2019-03-09T08:49:18.000Z,47.216347,12.669733,32,25190
2019-03-09T08:49:18.000Z,47.216347,12.669733,32,25190
2019-03-09T08:49:18.000Z,47.216347,12.669733,32,25190
2019-03-09T08:49:18.000Z,47.216347,12.669733,32,25190
2019-03-09T08:49:54.000Z,47.21352,12.668827,32,25230
2019-03-09T08:49:54.000Z,47.21352,12.668827,32,25230
2019-03-09T08:49:54.000Z,47.21352,12.668827,32,25230
2019-03-09T08:49:54.000Z,47.21352,12.668827,32,25230
2019-03-09T08:49:59.000Z,47.21304,12.668667,32,25200
2019-03-09T08:49:59.000Z,47.21304,12.668667,32,25200
2019-03-09T08:49:59.000Z,47.21304,12.668667,32,25200
2019-03-09T08:49:59.000Z,47.21304,12.668667,32,25200
2019-03-09T09:16:39.000Z,47.087227,12.62864,0,25150
2019-03-09T09:16:57.000Z,47.08592,12.628213,0,25170
2019-03-09T09:18:27.000Z,47.078907,12.62592,0,25160
2019-03-09T09:24:10.000Z,47.052695,12.6174,32,25170
2019-03-09T09:24:10.000Z,47.052695,12.6174,32,25170
2019-03-09T09:24:10.000Z,47.052695,12.6174,32,25170
2019-03-09T09:24:10.000Z,47.052695,12.6174,32,25170
2019-03-09T09:46:48.000Z,46.947253,12.58243,31,25100
2019-03-09T09:46:48.000Z,46.947253,12.58243,31,25100
2019-03-09T09:46:48.000Z,46.947253,12.58243,31,25100
2019-03-09T09:46:48.000Z,46.947253,12.58243,31,25100
2019-03-09T10:11:11.000Z,46.833947,12.54424,0,25140
2019-03-09T10:20:10.000Z,46.792355,12.530688,32,25180
2019-03-09T10:20:10.000Z,46.792355,12.530688,32,25180
2019-03-09T10:20:10.000Z,46.792355,12.530688,32,25180
2019-03-09T10:20:10.000Z,46.792355,12.530688,32,25180
2019-03-09T10:20:16.000Z,46.791867,12.530533,0,25180
2019-03-09T10:23:57.000Z,46.77464000000001,12.524933,0,25190
2019-03-09T10:24:04.000Z,46.774027,12.52472,0,25180
2019-03-09T10:24:21.000Z,46.773093,12.524427,0,25200
2019-03-09T10:24:27.000Z,46.772693,12.524293,0,25170
2019-03-09T10:27:58.000Z,46.755867,12.518853,0,25180
2019-03-09T10:28:33.000Z,46.753067,12.517947,0,25140
2019-03-09T10:28:57.000Z,46.7512,12.517333,0,25150
2019-03-09T10:29:09.000Z,46.750267,12.51704,0,25200
2019-03-09T10:30:52.000Z,46.742187,12.514453,0,25210
2019-03-09T10:31:28.000Z,46.73944,12.5136,0,25210
2019-03-09T10:31:51.000Z,46.737573,12.513013,0,25200
2019-03-09T10:31:58.000Z,46.73712,12.512853,0,25190
2019-03-09T10:32:40.000Z,46.73376,12.511787,0,25210
2019-03-09T10:33:41.000Z,46.729083,12.510318,32,25230
2019-03-09T10:33:41.000Z,46.729083,12.510318,32,25230
2019-03-09T10:33:41.000Z,46.729083,12.510318,32,25230
2019-03-09T10:33:41.000Z,46.729083,12.510318,32,25230
2019-03-09T10:43:34.000Z,46.68234,12.495745,0,25260
2019-03-09T10:50:39.000Z,46.64896,12.485573,32,25230
2019-03-09T10:50:39.000Z,46.64896,12.485573,32,25230
2019-03-09T10:50:39.000Z,46.64896,12.485573,32,25230
2019-03-09T10:50:39.000Z,46.64896,12.485573,32,25230
2019-03-09T10:50:56.000Z,46.64765300000001,12.485173,32,25230
2019-03-09T10:50:56.000Z,46.64765300000001,12.485173,32,25230
2019-03-09T10:50:56.000Z,46.64765300000001,12.485173,32,25230
2019-03-09T10:50:56.000Z,46.64765300000001,12.485173,32,25230
2019-03-09T10:51:33.000Z,46.644827,12.484267,31,25200
2019-03-09T10:51:33.000Z,46.644827,12.484267,31,25200
2019-03-09T10:51:33.000Z,46.644827,12.484267,31,25200
2019-03-09T10:51:33.000Z,46.644827,12.484267,31,25200
2019-03-09T10:52:39.000Z,46.6396,12.48264,31,25260
2019-03-09T10:52:39.000Z,46.6396,12.48264,31,25260
2019-03-09T10:52:39.000Z,46.6396,12.48264,31,25260
2019-03-09T10:52:39.000Z,46.6396,12.48264,31,25260
2019-03-09T10:53:57.000Z,46.633627,12.480773,31,25250
2019-03-09T10:53:57.000Z,46.633627,12.480773,31,25250
2019-03-09T10:53:57.000Z,46.633627,12.480773,31,25250
2019-03-09T10:53:57.000Z,46.633627,12.480773,31,25250
2019-03-09T10:55:27.000Z,46.626613,12.478587,31,25220
2019-03-09T10:55:27.000Z,46.626613,12.478587,31,25220
2019-03-09T10:55:27.000Z,46.626613,12.478587,31,25220
2019-03-09T10:55:27.000Z,46.626613,12.478587,31,25220
2019-03-09T13:36:27.000Z,45.872175,12.251812,0,25430
2019-03-09T13:36:39.000Z,45.87123,12.25155,0,25420
2019-03-09T14:37:29.000Z,45.585988,12.16596,32,25400
2019-03-09T14:37:29.000Z,45.585988,12.16596,32,25400
2019-03-09T14:37:29.000Z,45.585988,12.16596,32,25400
2019-03-09T14:37:29.000Z,45.585988,12.16596,32,25400
2019-03-09T14:37:35.000Z,45.585517,12.165827,0,25390
2019-03-09T14:37:40.000Z,45.585123,12.165713,0,25370
2019-03-09T14:37:58.000Z,45.58363,12.165287,0,25360
2019-03-09T14:39:23.000Z,45.57702800000001,12.16339,32,25370
2019-03-09T14:39:23.000Z,45.57702800000001,12.16339,32,25370
2019-03-09T14:39:23.000Z,45.57702800000001,12.16339,32,25370
2019-03-09T14:39:23.000Z,45.57702800000001,12.16339,32,25370
2019-03-09T15:18:04.000Z,45.397302,12.103773,0,25090
2019-03-09T15:18:35.000Z,45.394912,12.102955,0,25070
2019-03-09T15:19:59.000Z,45.38851500000001,12.10078,31,25100
2019-03-09T15:19:59.000Z,45.38851500000001,12.10078,31,25100
2019-03-09T15:19:59.000Z,45.38851500000001,12.10078,31,25100
2019-03-09T15:19:59.000Z,45.38851500000001,12.10078,31,25100
2019-03-09T16:55:51.000Z,44.928352,12.01454,0,29390
2019-03-09T16:56:09.000Z,44.926923,12.01516,0,29380
2019-03-09T16:56:34.000Z,44.92499,12.015975,0,29350
2019-03-09T16:57:09.000Z,44.922202,12.017153,0,29290
2019-03-09T17:00:21.000Z,44.906802,12.023222,0,29130
2019-03-09T17:00:45.000Z,44.90487,12.023963,0,29130
2019-03-09T17:00:51.000Z,44.904467,12.02412,0,29150
2019-03-09T17:00:57.000Z,44.903902,12.024337,0,29140
2019-03-09T17:01:03.000Z,44.903417,12.024522,0,29140
2019-03-09T17:01:15.000Z,44.902528,12.024868,0,29180
2019-03-09T17:01:45.000Z,44.900032,12.025837,0,29150
2019-03-09T17:01:51.000Z,44.899547,12.026023,0,29120
2019-03-09T17:02:09.000Z,44.898097,12.026585,0,29150
2019-03-09T17:02:22.000Z,44.89712700000001,12.026957,0,29150
2019-03-09T17:02:45.000Z,44.895193,12.027702,0,29120
2019-03-09T17:05:09.000Z,44.88264,12.032533,0,29140
2019-03-09T17:07:39.000Z,44.870533,12.037173,0,29130
2019-03-09T17:19:47.000Z,44.812687,12.059177,33,29060
2019-03-09T17:19:47.000Z,44.812687,12.059177,33,29060
2019-03-09T17:19:47.000Z,44.812687,12.059177,33,29060
2019-03-09T17:19:47.000Z,44.812687,12.059177,33,29060
2019-03-09T17:40:29.000Z,44.710907,12.095802,0,28960
2019-03-09T18:34:53.000Z,44.445067,12.19624,33,29460
2019-03-09T18:34:53.000Z,44.445067,12.19624,33,29460
2019-03-09T18:34:53.000Z,44.445067,12.19624,33,29460
2019-03-09T18:34:53.000Z,44.445067,12.19624,33,29460
2019-03-09T18:35:40.000Z,44.442613,12.19736,0,29470
2019-03-09T18:36:03.000Z,44.4408,12.198187,0,29460
2019-03-09T18:37:03.000Z,44.436053,12.20032,0,29440
2019-03-09T18:37:09.000Z,44.4356,12.200533,0,29450
2019-03-09T18:37:45.000Z,44.432693,12.20184,0,29490
2019-03-09T18:37:58.000Z,44.431733,12.202293,0,29560
2019-03-09T18:38:58.000Z,44.427067,12.204507,0,29580
2019-03-09T18:40:21.000Z,44.4188,12.208427,0,29540
2019-03-09T18:41:28.000Z,44.413493,12.210933,0,29550
2019-03-09T18:42:28.000Z,44.408827,12.213147,0,29570
2019-03-09T18:46:09.000Z,44.392468,12.220612,33,29440
2019-03-09T18:46:09.000Z,44.392468,12.220612,33,29440
2019-03-09T18:46:09.000Z,44.392468,12.220612,33,29440
2019-03-09T18:46:09.000Z,44.392468,12.220612,33,29440
2019-03-09T18:46:34.000Z,44.390505,12.221493,0,29460
2019-03-09T18:46:57.000Z,44.388703,12.222308,0,29470
2019-03-09T18:52:33.000Z,44.36208,12.233813,0,29330
2019-03-09T18:55:27.000Z,44.347943,12.239867,0,29360
2019-03-09T19:13:19.000Z,44.263467,12.272533,0,28860
2019-03-09T19:13:37.000Z,44.262,12.273013,0,28740
2019-03-09T19:14:12.000Z,44.259147,12.273893,0,28720
2019-03-09T19:14:37.000Z,44.257093,12.274507,0,28710
2019-03-09T19:14:43.000Z,44.256587,12.274667,0,28730
2019-03-09T19:15:00.000Z,44.2552,12.275093,0,28760
2019-03-09T19:15:06.000Z,44.25472,12.275227,0,28740
2019-03-09T19:15:13.000Z,44.254213,12.275387,0,28710
2019-03-09T19:15:19.000Z,44.253653,12.275573,0,28760
2019-03-09T19:17:19.000Z,44.243813,12.278667,33,28770
2019-03-09T19:17:19.000Z,44.243813,12.278667,33,28770
2019-03-09T19:17:19.000Z,44.243813,12.278667,33,28770
2019-03-09T19:17:19.000Z,44.243813,12.278667,33,28770
2019-03-09T19:26:30.000Z,44.196693,12.292,0,28460
2019-03-09T19:27:00.000Z,44.194187,12.292613,0,28420
2019-03-09T19:27:12.000Z,44.193173,12.29288,0,28510
2019-03-09T19:27:43.000Z,44.190667,12.293547,0,28560
2019-03-09T19:28:01.000Z,44.189093,12.294,0,28600
2019-03-09T19:28:12.000Z,44.188267,12.29424,0,28610
2019-03-09T19:28:30.000Z,44.186693,12.294693,0,28630
2019-03-09T19:28:42.000Z,44.185707,12.29496,0,28610
2019-03-09T19:30:01.000Z,44.179147,12.296827,33,28590
2019-03-09T19:30:01.000Z,44.179147,12.296827,33,28590
2019-03-09T19:30:01.000Z,44.179147,12.296827,33,28590
2019-03-09T19:30:01.000Z,44.179147,12.296827,33,28590
2019-03-09T19:37:49.000Z,44.140773,12.30888,0,28970
2019-03-09T19:46:05.000Z,44.101227,12.323813,0,29140
2019-03-09T19:52:58.000Z,44.068747,12.336293,0,29150
2019-03-09T19:53:23.000Z,44.066827,12.33704,0,29140
2019-03-09T19:56:28.000Z,44.051973,12.342747,33,29120
2019-03-09T19:56:28.000Z,44.051973,12.342747,33,29120
2019-03-09T19:56:28.000Z,44.051973,12.342747,33,29120
2019-03-09T19:56:28.000Z,44.051973,12.342747,33,29120
2019-03-09T19:56:35.000Z,44.051493,12.342933,33,29110
2019-03-09T19:56:35.000Z,44.051493,12.342933,33,29110
2019-03-09T19:56:35.000Z,44.051493,12.342933,33,29110
2019-03-09T19:56:35.000Z,44.051493,12.342933,33,29110
2019-03-09T19:56:47.000Z,44.05045300000001,12.343333,0,29130
2019-03-09T19:59:31.000Z,44.03664000000001,12.348667,0,29130
2019-03-09T20:11:20.000Z,43.980467,12.370382,0,29120
2019-03-09T20:16:20.000Z,43.956587,12.379733,0,29180
2019-03-09T20:16:25.000Z,43.956187,12.379893,0,29170
2019-03-09T20:17:26.000Z,43.951227,12.381787,0,29160
2019-03-09T20:17:32.000Z,43.950747,12.381973,0,29150
2019-03-09T20:19:43.000Z,43.94024,12.38608,0,29170
2019-03-09T20:28:51.000Z,43.895878,12.403595,0,29220
2019-03-09T20:47:50.000Z,43.804773,12.440107,0,29210
2019-03-09T20:48:51.000Z,43.79992,12.442053,0,29210
2019-03-09T20:58:47.000Z,43.751973,12.461667,33,29280
2019-03-09T20:58:47.000Z,43.751973,12.461667,33,29280
2019-03-09T20:58:47.000Z,43.751973,12.461667,33,29280
2019-03-09T20:58:47.000Z,43.751973,12.461667,33,29280
2019-03-09T21:13:15.000Z,43.6828,12.490347,0,29270
2019-03-09T21:33:05.000Z,43.58889,12.526952,33,29070
2019-03-09T21:33:05.000Z,43.58889,12.526952,33,29070
2019-03-09T21:33:05.000Z,43.58889,12.526952,33,29070
2019-03-09T21:33:05.000Z,43.58889,12.526952,33,29070
2019-03-09T21:49:18.000Z,43.510027,12.55704,0,29100
2019-03-09T21:50:47.000Z,43.503295,12.559572,0,29080
2019-03-09T21:52:50.000Z,43.49296,12.56344,0,29100
2019-03-09T22:08:16.000Z,43.420178,12.598973,34,29680
2019-03-09T22:08:16.000Z,43.420178,12.598973,34,29680
2019-03-09T22:08:16.000Z,43.420178,12.598973,34,29680
2019-03-09T22:08:16.000Z,43.420178,12.598973,34,29680
2019-03-09T22:09:26.000Z,43.413947,12.602053,0,29710
2019-03-09T22:13:39.000Z,43.394373,12.61224,0,30030
2019-03-09T22:14:15.000Z,43.3916,12.61392,0,30250
2019-03-09T22:14:27.000Z,43.390613,12.61456,0,30260
2019-03-09T22:14:33.000Z,43.390213,12.6148,0,30270
2019-03-09T22:14:45.000Z,43.389312,12.615392,35,30260
2019-03-09T22:14:45.000Z,43.389312,12.615392,35,30260
2019-03-09T22:14:45.000Z,43.389312,12.615392,35,30260
2019-03-09T22:14:45.000Z,43.389312,12.615392,35,30260
2019-03-09T22:14:57.000Z,43.388373,12.615947,0,30270
2019-03-09T22:15:03.000Z,43.38792,12.61624,0,30260
2019-03-09T22:15:15.000Z,43.387013,12.616827,0,30270
2019-03-09T22:15:21.000Z,43.386453,12.617173,0,30260
2019-03-09T22:15:28.000Z,43.386,12.617467,0,30250
2019-03-09T22:15:40.000Z,43.385093,12.618027,0,30250
2019-03-09T22:15:46.000Z,43.384613,12.61832,0,30210
2019-03-09T22:16:04.000Z,43.38322700000001,12.619173,0,30210
2019-03-09T22:16:15.000Z,43.38232,12.619733,0,30200
2019-03-09T22:16:39.000Z,43.380533,12.620853,0,30180
2019-03-09T22:16:46.000Z,43.379973,12.621173,0,30190
2019-03-09T22:17:10.000Z,43.378213,12.62224,0,30190
2019-03-09T22:17:22.000Z,43.3772,12.62288,0,30210
2019-03-09T22:17:46.000Z,43.37533300000001,12.624027,0,30230
2019-03-09T22:17:58.000Z,43.37448,12.624533,0,30230
2019-03-09T22:33:51.000Z,43.327333,12.695893,0,33630
2019-03-09T22:33:58.000Z,43.327147,12.69632,0,33660
2019-03-09T22:34:15.000Z,43.326453,12.697787,0,33660
2019-03-09T22:35:15.000Z,43.324213,12.702853,0,33650
2019-03-09T22:35:21.000Z,43.324053,12.70328,0,33660
2019-03-09T22:35:33.000Z,43.323573,12.704347,0,33660
2019-03-09T22:35:39.000Z,43.323333,12.704853,0,33640
2019-03-09T22:35:51.000Z,43.322933,12.70576,0,33650
2019-03-09T22:37:15.000Z,43.319813,12.712827,0,33640
2019-03-09T22:41:06.000Z,43.311663,12.731303,35,33660
2019-03-09T22:41:06.000Z,43.311663,12.731303,35,33660
2019-03-09T22:41:06.000Z,43.311663,12.731303,35,33660
2019-03-09T22:41:06.000Z,43.311663,12.731303,35,33660
2019-03-09T22:52:57.000Z,43.285245,12.789942,0,33520
2019-03-09T22:57:04.000Z,43.275807,12.809953,0,33510
2019-03-09T23:08:44.000Z,43.249645,12.864122,0,33430
2019-03-09T23:18:23.000Z,43.225438,12.913495,35,33420
2019-03-09T23:18:23.000Z,43.225438,12.913495,35,33420
2019-03-09T23:18:23.000Z,43.225438,12.913495,35,33420
2019-03-09T23:18:23.000Z,43.225438,12.913495,35,33420
2019-03-09T23:25:53.000Z,43.207253,12.950347,0,33400
2019-03-09T23:44:26.000Z,43.162987,13.040853,0,33500
2019-03-10T00:01:48.000Z,43.122853000000006,13.124773,35,33450
2019-03-10T00:01:48.000Z,43.122853000000006,13.124773,35,33450
2019-03-10T00:01:48.000Z,43.122853000000006,13.124773,35,33450
2019-03-10T00:01:48.000Z,43.122853000000006,13.124773,35,33450
2019-03-10T00:02:53.000Z,43.12032,13.130026999999998,35,33470
2019-03-10T00:02:53.000Z,43.12032,13.130026999999998,35,33470
2019-03-10T00:02:53.000Z,43.12032,13.130026999999998,35,33470
2019-03-10T00:02:53.000Z,43.12032,13.130026999999998,35,33470
2019-03-10T00:08:09.000Z,43.108845,13.153592000000002,0,33430
2019-03-10T00:36:56.000Z,43.02531,13.275632,0,31090
2019-03-10T01:03:38.000Z,42.919073,13.36006,0,30880
2019-03-10T01:35:31.000Z,42.779458,13.456272,0,30640
2019-03-10T02:04:48.000Z,42.671635,13.554358,0,31790
2019-03-10T02:20:43.000Z,42.628,13.624088,0,33190
2019-03-10T03:11:30.000Z,42.52415,13.852507,0,33790
2019-03-10T03:30:09.000Z,42.487935,13.94015,0,33800
2019-03-10T03:30:15.000Z,42.487713,13.940685,0,33800
2019-03-10T03:31:50.000Z,42.484732,13.947938,0,33800
2019-03-10T03:41:41.000Z,42.464642,13.992218,32,33590
2019-03-10T03:41:41.000Z,42.464642,13.992218,32,33590
2019-03-10T03:41:41.000Z,42.464642,13.992218,32,33590
2019-03-10T03:41:41.000Z,42.464642,13.992218,32,33590
