timestamp,longitude,latitude,speed,direction
2019-04-01T19:07:53.000Z,35.843467,34.497227,5,14800
2019-04-01T19:07:53.000Z,35.843467,34.497227,5,14800
2019-04-01T19:07:53.000Z,35.843467,34.497227,5,14800
2019-04-02T15:59:19.000Z,34.403633,34.478667,34,26910
2019-04-02T15:59:19.000Z,34.403633,34.478667,34,26910
2019-04-02T15:59:19.000Z,34.403633,34.478667,34,26910
2019-04-02T16:11:30.000Z,34.3273,34.477067,34,26870
2019-04-02T16:11:30.000Z,34.3273,34.477067,34,26870
2019-04-02T16:11:30.000Z,34.3273,34.477067,34,26870
2019-04-02T17:11:42.000Z,33.95835,34.47,33,26850
2019-04-02T17:11:42.000Z,33.95835,34.47,33,26850
2019-04-02T17:11:42.000Z,33.95835,34.47,33,26850
2019-04-02T18:47:21.000Z,33.368417,34.45845,34,26890
2019-04-02T18:47:21.000Z,33.368417,34.45845,34,26890
2019-04-02T18:47:21.000Z,33.368417,34.45845,34,26890
2019-04-02T18:51:25.000Z,33.343617,34.457983,34,26870
2019-04-02T18:51:25.000Z,33.343617,34.457983,34,26870
2019-04-02T18:51:25.000Z,33.343617,34.457983,34,26870
2019-04-02T18:56:06.000Z,33.314167,34.4574,34,26880
2019-04-02T18:56:06.000Z,33.314167,34.4574,34,26880
2019-04-02T18:56:06.000Z,33.314167,34.4574,34,26880
2019-04-02T19:00:11.000Z,33.28915,34.4569,34,26860
2019-04-02T19:00:11.000Z,33.28915,34.4569,34,26860
2019-04-02T19:00:11.000Z,33.28915,34.4569,34,26860
2019-04-02T19:02:22.000Z,33.274833,34.456617,34,26850
2019-04-02T19:02:22.000Z,33.274833,34.456617,34,26850
2019-04-02T19:02:22.000Z,33.274833,34.456617,34,26850
2019-04-02T19:07:08.000Z,33.245267,34.456017,34,26910
2019-04-02T19:07:08.000Z,33.245267,34.456017,34,26910
2019-04-02T19:07:08.000Z,33.245267,34.456017,34,26910
2019-04-02T19:14:00.000Z,33.201733000000004,34.4552,35,26880
2019-04-02T19:14:00.000Z,33.201733000000004,34.4552,35,26880
2019-04-02T19:14:00.000Z,33.201733000000004,34.4552,35,26880
2019-04-02T19:17:31.000Z,33.17955,34.4548,34,26860
2019-04-02T19:17:31.000Z,33.17955,34.4548,34,26860
2019-04-02T19:17:31.000Z,33.17955,34.4548,34,26860
2019-04-02T19:20:58.000Z,33.15755,34.454317,34,26840
2019-04-02T19:20:58.000Z,33.15755,34.454317,34,26840
2019-04-02T19:20:58.000Z,33.15755,34.454317,34,26840
2019-04-02T19:28:04.000Z,33.113333000000004,34.453517,34,26900
2019-04-02T19:28:04.000Z,33.113333000000004,34.453517,34,26900
2019-04-02T19:28:04.000Z,33.113333000000004,34.453517,34,26900
2019-04-02T19:30:51.000Z,33.095783000000004,34.453167,34,26860
2019-04-02T19:30:51.000Z,33.095783000000004,34.453167,34,26860
2019-04-02T19:30:51.000Z,33.095783000000004,34.453167,34,26860
2019-04-02T19:36:00.000Z,33.064,34.4525,34,26860
2019-04-02T19:36:00.000Z,33.064,34.4525,34,26860
2019-04-02T19:36:00.000Z,33.064,34.4525,34,26860
2019-04-02T19:39:47.000Z,33.0404,34.452033,34,26900
2019-04-02T19:39:47.000Z,33.0404,34.452033,34,26900
2019-04-02T19:39:47.000Z,33.0404,34.452033,34,26900
2019-04-02T19:52:55.000Z,32.957767,34.450433000000004,34,26890
2019-04-02T19:52:55.000Z,32.957767,34.450433000000004,34,26890
2019-04-02T19:52:55.000Z,32.957767,34.450433000000004,34,26890
2019-04-02T20:27:32.000Z,32.749817,34.497633,34,28720
2019-04-02T20:27:32.000Z,32.749817,34.497633,34,28720
2019-04-02T20:27:32.000Z,32.749817,34.497633,34,28720
2019-04-02T21:24:42.000Z,32.402167,34.583267,35,28750
2019-04-02T21:24:42.000Z,32.402167,34.583267,35,28750
2019-04-02T21:24:42.000Z,32.402167,34.583267,35,28750
2019-04-02T21:38:49.000Z,32.316533,34.606033000000004,34,28800
2019-04-02T21:38:49.000Z,32.316533,34.606033000000004,34,28800
2019-04-02T21:38:49.000Z,32.316533,34.606033000000004,34,28800
2019-04-02T21:51:12.000Z,32.240853,34.626746999999995,34,28870
2019-04-02T21:51:12.000Z,32.240853,34.626746999999995,34,28870
2019-04-02T21:51:12.000Z,32.240853,34.626746999999995,34,28870
2019-04-03T02:24:20.000Z,30.59145,35.05685,35,28760
2019-04-03T02:24:20.000Z,30.59145,35.05685,35,28760
2019-04-03T02:24:20.000Z,30.59145,35.05685,35,28760
2019-04-03T09:09:32.000Z,28.2359,35.661767,30,28760
2019-04-03T09:09:32.000Z,28.2359,35.661767,30,28760
2019-04-03T09:09:32.000Z,28.2359,35.661767,30,28760
2019-04-03T11:17:13.000Z,27.536933,35.8604,30,29630
2019-04-03T11:17:13.000Z,27.536933,35.8604,30,29630
2019-04-03T11:17:13.000Z,27.536933,35.8604,30,29630
2019-04-03T11:24:49.000Z,27.4986,35.8761,30,29700
2019-04-03T11:24:49.000Z,27.4986,35.8761,30,29700
2019-04-03T11:24:49.000Z,27.4986,35.8761,30,29700
2019-04-03T16:14:41.000Z,26.037227,36.507147,30,30260
2019-04-03T16:14:41.000Z,26.037227,36.507147,30,30260
2019-04-03T16:14:41.000Z,26.037227,36.507147,30,30260
2019-04-03T19:57:24.000Z,24.855013,36.843973,31,27110
2019-04-03T19:57:24.000Z,24.855013,36.843973,31,27110
2019-04-03T19:57:24.000Z,24.855013,36.843973,31,27110
2019-04-03T20:21:38.000Z,24.712933,36.849083,31,27340
2019-04-03T20:21:38.000Z,24.712933,36.849083,31,27340
2019-04-03T20:21:38.000Z,24.712933,36.849083,31,27340
2019-04-03T20:28:31.000Z,24.672683,36.851867,31,28760
2019-04-03T20:28:31.000Z,24.672683,36.851867,31,28760
2019-04-03T20:28:31.000Z,24.672683,36.851867,31,28760
2019-04-03T20:34:19.000Z,24.645483,36.86885,32,31650
2019-04-03T20:34:19.000Z,24.645483,36.86885,32,31650
2019-04-03T20:34:19.000Z,24.645483,36.86885,32,31650
2019-04-03T21:30:44.000Z,24.392867000000006,37.04255,31,31380
2019-04-03T21:30:44.000Z,24.392867000000006,37.04255,31,31380
2019-04-03T21:30:44.000Z,24.392867000000006,37.04255,31,31380
2019-04-03T21:31:21.000Z,24.389787,37.04488,31,31360
2019-04-03T21:31:21.000Z,24.389787,37.04488,31,31360
2019-04-03T21:31:21.000Z,24.389787,37.04488,31,31360
2019-04-03T22:54:01.000Z,24.030233,37.313917,31,31230
2019-04-03T22:54:01.000Z,24.030233,37.313917,31,31230
2019-04-03T22:54:01.000Z,24.030233,37.313917,31,31230
2019-04-03T23:02:01.000Z,23.994983,37.3391,31,31030
2019-04-03T23:02:01.000Z,23.994983,37.3391,31,31030
2019-04-03T23:02:01.000Z,23.994983,37.3391,31,31030
2019-04-03T23:21:07.000Z,23.912967,37.399917,31,32460
2019-04-03T23:21:07.000Z,23.912967,37.399917,31,32460
2019-04-03T23:21:07.000Z,23.912967,37.399917,31,32460
2019-04-03T23:22:08.000Z,23.909783,37.403933,31,32930
2019-04-03T23:22:08.000Z,23.909783,37.403933,31,32930
2019-04-03T23:22:08.000Z,23.909783,37.403933,31,32930
2019-04-03T23:23:11.000Z,23.90655,37.408383,31,33020
2019-04-03T23:23:11.000Z,23.90655,37.408383,31,33020
2019-04-03T23:23:11.000Z,23.90655,37.408383,31,33020
2019-04-03T23:27:18.000Z,23.894867,37.425567,31,33160
2019-04-03T23:27:18.000Z,23.894867,37.425567,31,33160
2019-04-03T23:27:18.000Z,23.894867,37.425567,31,33160
2019-04-03T23:32:19.000Z,23.880967,37.446583,31,33380
2019-04-03T23:32:19.000Z,23.880967,37.446583,31,33380
2019-04-03T23:32:19.000Z,23.880967,37.446583,31,33380
2019-04-03T23:36:02.000Z,23.871117,37.462667,32,33410
2019-04-03T23:36:02.000Z,23.871117,37.462667,32,33410
2019-04-03T23:36:02.000Z,23.871117,37.462667,32,33410
2019-04-03T23:39:51.000Z,23.862067,37.479467,32,33750
2019-04-03T23:39:51.000Z,23.862067,37.479467,32,33750
2019-04-03T23:39:51.000Z,23.862067,37.479467,32,33750
2019-04-03T23:44:07.000Z,23.851783,37.498583,32,33600
2019-04-03T23:44:07.000Z,23.851783,37.498583,32,33600
2019-04-03T23:44:07.000Z,23.851783,37.498583,32,33600
2019-04-03T23:48:16.000Z,23.840833,37.516967,32,33430
2019-04-03T23:48:16.000Z,23.840833,37.516967,32,33430
2019-04-03T23:48:16.000Z,23.840833,37.516967,32,33430
2019-04-03T23:51:19.000Z,23.832917,37.529983,32,33450
2019-04-03T23:51:19.000Z,23.832917,37.529983,32,33450
2019-04-03T23:51:19.000Z,23.832917,37.529983,32,33450
2019-04-03T23:56:00.000Z,23.82175,37.550617,31,33710
2019-04-03T23:56:00.000Z,23.82175,37.550617,31,33710
2019-04-03T23:56:00.000Z,23.82175,37.550617,31,33710
2019-04-03T23:59:12.000Z,23.814867,37.56395,28,33780
2019-04-03T23:59:12.000Z,23.814867,37.56395,28,33780
2019-04-03T23:59:12.000Z,23.814867,37.56395,28,33780
2019-04-04T00:08:11.000Z,23.7986,37.5975,24,34040
2019-04-04T00:08:11.000Z,23.7986,37.5975,24,34040
2019-04-04T00:08:11.000Z,23.7986,37.5975,24,34040
2019-04-04T00:10:21.000Z,23.795567,37.604867,23,34250
2019-04-04T00:10:21.000Z,23.795567,37.604867,23,34250
2019-04-04T00:10:21.000Z,23.795567,37.604867,23,34250
2019-04-04T00:13:51.000Z,23.790733,37.616483,22,34170
2019-04-04T00:13:51.000Z,23.790733,37.616483,22,34170
2019-04-04T00:13:51.000Z,23.790733,37.616483,22,34170
2019-04-04T00:19:21.000Z,23.783583,37.632933,18,34000
2019-04-04T00:19:21.000Z,23.783583,37.632933,18,34000
2019-04-04T00:19:21.000Z,23.783583,37.632933,18,34000
2019-04-04T00:23:31.000Z,23.779017,37.642733,15,33860
2019-04-04T00:23:31.000Z,23.779017,37.642733,15,33860
2019-04-04T00:23:31.000Z,23.779017,37.642733,15,33860
2019-04-04T00:25:41.000Z,23.7768,37.64725,14,33880
2019-04-04T00:25:41.000Z,23.7768,37.64725,14,33880
2019-04-04T00:25:41.000Z,23.7768,37.64725,14,33880
2019-04-04T00:35:30.000Z,23.767533,37.66558300000001,12,33720
2019-04-04T00:35:30.000Z,23.767533,37.66558300000001,12,33720
2019-04-04T00:35:30.000Z,23.767533,37.66558300000001,12,33720
2019-04-04T00:42:51.000Z,23.760783,37.67835,12,33720
2019-04-04T00:42:51.000Z,23.760783,37.67835,12,33720
2019-04-04T00:42:51.000Z,23.760783,37.67835,12,33720
2019-04-04T00:50:21.000Z,23.753633,37.691783,13,33500
2019-04-04T00:50:21.000Z,23.753633,37.691783,13,33500
2019-04-04T00:50:21.000Z,23.753633,37.691783,13,33500
2019-04-04T00:55:30.000Z,23.748033,37.701433,14,33460
2019-04-04T00:55:30.000Z,23.748033,37.701433,14,33460
2019-04-04T00:55:30.000Z,23.748033,37.701433,14,33460
2019-04-04T00:59:52.000Z,23.743017,37.7098,14,33480
2019-04-04T00:59:52.000Z,23.743017,37.7098,14,33480
2019-04-04T00:59:52.000Z,23.743017,37.7098,14,33480
2019-04-04T01:03:59.000Z,23.7382,37.717783,14,33420
2019-04-04T01:03:59.000Z,23.7382,37.717783,14,33420
2019-04-04T01:03:59.000Z,23.7382,37.717783,14,33420
2019-04-04T01:08:10.000Z,23.733417000000006,37.725783,13,33460
2019-04-04T01:08:10.000Z,23.733417000000006,37.725783,13,33460
2019-04-04T01:08:10.000Z,23.733417000000006,37.725783,13,33460
2019-04-04T01:10:20.000Z,23.731033,37.729867,13,33460
2019-04-04T01:10:20.000Z,23.731033,37.729867,13,33460
2019-04-04T01:10:20.000Z,23.731033,37.729867,13,33460
2019-04-04T01:15:30.000Z,23.7256,37.739367,13,33650
2019-04-04T01:15:30.000Z,23.7256,37.739367,13,33650
2019-04-04T01:15:30.000Z,23.7256,37.739367,13,33650
2019-04-04T01:23:41.000Z,23.7171,37.754367,13,33520
2019-04-04T01:23:41.000Z,23.7171,37.754367,13,33520
2019-04-04T01:23:41.000Z,23.7171,37.754367,13,33520
2019-04-04T01:26:58.000Z,23.713617000000006,37.760433,13,33480
2019-04-04T01:26:58.000Z,23.713617000000006,37.760433,13,33480
2019-04-04T01:26:58.000Z,23.713617000000006,37.760433,13,33480
2019-04-04T01:30:21.000Z,23.71005,37.766517,13,33500
2019-04-04T01:30:21.000Z,23.71005,37.766517,13,33500
2019-04-04T01:30:21.000Z,23.71005,37.766517,13,33500
2019-04-04T01:33:45.000Z,23.706233,37.773,13,33510
2019-04-04T01:33:45.000Z,23.706233,37.773,13,33510
2019-04-04T01:33:45.000Z,23.706233,37.773,13,33510
2019-04-04T01:40:22.000Z,23.699117,37.785067,13,33520
2019-04-04T01:40:22.000Z,23.699117,37.785067,13,33520
2019-04-04T01:40:22.000Z,23.699117,37.785067,13,33520
2019-04-04T01:43:37.000Z,23.695667,37.790933,13,33500
2019-04-04T01:43:37.000Z,23.695667,37.790933,13,33500
2019-04-04T01:43:37.000Z,23.695667,37.790933,13,33500
2019-04-04T01:48:01.000Z,23.690817000000006,37.799233,13,33580
2019-04-04T01:48:01.000Z,23.690817000000006,37.799233,13,33580
2019-04-04T01:48:01.000Z,23.690817000000006,37.799233,13,33580
2019-04-04T01:51:13.000Z,23.687433,37.805033,13,33460
2019-04-04T01:51:13.000Z,23.687433,37.805033,13,33460
2019-04-04T01:51:13.000Z,23.687433,37.805033,13,33460
2019-04-04T01:55:29.000Z,23.682683,37.812967,13,33270
2019-04-04T01:55:29.000Z,23.682683,37.812967,13,33270
2019-04-04T01:55:29.000Z,23.682683,37.812967,13,33270
2019-04-04T01:59:31.000Z,23.677983,37.820017,13,33130
2019-04-04T01:59:31.000Z,23.677983,37.820017,13,33130
2019-04-04T01:59:31.000Z,23.677983,37.820017,13,33130
2019-04-04T02:03:40.000Z,23.673133,37.827117,12,33150
2019-04-04T02:03:40.000Z,23.673133,37.827117,12,33150
2019-04-04T02:03:40.000Z,23.673133,37.827117,12,33150
2019-04-04T02:07:49.000Z,23.668467,37.8342,12,33280
2019-04-04T02:07:49.000Z,23.668467,37.8342,12,33280
2019-04-04T02:07:49.000Z,23.668467,37.8342,12,33280
2019-04-04T02:09:50.000Z,23.6663,37.837567,12,33320
2019-04-04T02:09:50.000Z,23.6663,37.837567,12,33320
2019-04-04T02:09:50.000Z,23.6663,37.837567,12,33320
2019-04-04T02:16:11.000Z,23.660483,37.848,9,33760
2019-04-04T02:16:11.000Z,23.660483,37.848,9,33760
2019-04-04T02:16:11.000Z,23.660483,37.848,9,33760
2019-04-04T02:19:21.000Z,23.659067,37.85065,3,32710
2019-04-04T02:19:21.000Z,23.659067,37.85065,3,32710
2019-04-04T02:19:21.000Z,23.659067,37.85065,3,32710
2019-04-04T02:23:42.000Z,23.657767,37.8521,2,31940
2019-04-04T02:23:42.000Z,23.657767,37.8521,2,31940
2019-04-04T02:23:42.000Z,23.657767,37.8521,2,31940
2019-04-04T02:34:31.000Z,23.653267,37.85455,2,28660
2019-04-04T02:34:31.000Z,23.653267,37.85455,2,28660
2019-04-04T02:34:31.000Z,23.653267,37.85455,2,28660
2019-04-04T02:39:51.000Z,23.649183,37.855617,6,28450
2019-04-04T02:39:51.000Z,23.649183,37.855617,6,28450
2019-04-04T02:39:51.000Z,23.649183,37.855617,6,28450
2019-04-04T02:44:11.000Z,23.642967,37.856883,8,28460
2019-04-04T02:44:11.000Z,23.642967,37.856883,8,28460
2019-04-04T02:44:11.000Z,23.642967,37.856883,8,28460
2019-04-04T02:45:19.000Z,23.641117,37.857283,8,28550
2019-04-04T02:45:19.000Z,23.641117,37.857283,8,28550
2019-04-04T02:45:19.000Z,23.641117,37.857283,8,28550
2019-04-04T02:51:41.000Z,23.632617,37.85875,7,28370
2019-04-04T02:51:41.000Z,23.632617,37.85875,7,28370
2019-04-04T02:51:41.000Z,23.632617,37.85875,7,28370
2019-04-04T02:56:07.000Z,23.62655,37.860083,7,28460
2019-04-04T02:56:07.000Z,23.62655,37.860083,7,28460
2019-04-04T02:56:07.000Z,23.62655,37.860083,7,28460
2019-04-04T03:00:19.000Z,23.619717,37.861767,11,29000
2019-04-04T03:00:19.000Z,23.619717,37.861767,11,29000
2019-04-04T03:00:19.000Z,23.619717,37.861767,11,29000
2019-04-04T03:03:21.000Z,23.613567,37.8637,11,29250
2019-04-04T03:03:21.000Z,23.613567,37.8637,11,29250
2019-04-04T03:03:21.000Z,23.613567,37.8637,11,29250
2019-04-04T03:07:41.000Z,23.60485,37.866533,10,29260
2019-04-04T03:07:41.000Z,23.60485,37.866533,10,29260
2019-04-04T03:07:41.000Z,23.60485,37.866533,10,29260
2019-04-04T03:10:49.000Z,23.59965,37.868233,8,29240
2019-04-04T03:10:49.000Z,23.59965,37.868233,8,29240
2019-04-04T03:10:49.000Z,23.59965,37.868233,8,29240
2019-04-04T03:13:51.000Z,23.595417,37.869583,7,29150
2019-04-04T03:13:51.000Z,23.595417,37.869583,7,29150
2019-04-04T03:13:51.000Z,23.595417,37.869583,7,29150
2019-04-04T03:16:50.000Z,23.591717000000006,37.870683,6,28920
2019-04-04T03:16:50.000Z,23.591717000000006,37.870683,6,28920
2019-04-04T03:16:50.000Z,23.591717000000006,37.870683,6,28920
2019-04-04T03:24:00.000Z,23.584383,37.8725,4,28390
2019-04-04T03:24:00.000Z,23.584383,37.8725,4,28390
2019-04-04T03:24:00.000Z,23.584383,37.8725,4,28390
2019-04-04T03:27:29.000Z,23.581483,37.873167,4,28860
2019-04-04T03:27:29.000Z,23.581483,37.873167,4,28860
2019-04-04T03:27:29.000Z,23.581483,37.873167,4,28860
2019-04-04T03:31:50.000Z,23.57975,37.873433,0,23280
2019-04-04T03:31:50.000Z,23.57975,37.873433,0,23280
2019-04-04T03:31:50.000Z,23.57975,37.873433,0,23280
2019-04-04T03:36:01.000Z,23.579717,37.8728,0,34580
2019-04-04T03:36:01.000Z,23.579717,37.8728,0,34580
2019-04-04T03:36:01.000Z,23.579717,37.8728,0,34580
2019-04-04T03:37:01.000Z,23.57975,37.872917,1,1440
2019-04-04T03:37:01.000Z,23.57975,37.872917,1,1440
2019-04-04T03:37:01.000Z,23.57975,37.872917,1,1440
2019-04-04T03:43:51.000Z,23.58345,37.875733,6,5120
2019-04-04T03:43:51.000Z,23.58345,37.875733,6,5120
2019-04-04T03:43:51.000Z,23.58345,37.875733,6,5120
2019-04-04T03:45:02.000Z,23.58465,37.876533,7,4930
2019-04-04T03:45:02.000Z,23.58465,37.876533,7,4930
2019-04-04T03:45:02.000Z,23.58465,37.876533,7,4930
2019-04-04T03:51:30.000Z,23.5925,37.881917,8,4960
2019-04-04T03:51:30.000Z,23.5925,37.881917,8,4960
2019-04-04T03:51:30.000Z,23.5925,37.881917,8,4960
2019-04-04T03:56:02.000Z,23.59715,37.88518300000001,6,4530
2019-04-04T03:56:02.000Z,23.59715,37.88518300000001,6,4530
2019-04-04T03:56:02.000Z,23.59715,37.88518300000001,6,4530
2019-04-04T04:00:31.000Z,23.600483,37.888117,5,3470
2019-04-04T04:00:31.000Z,23.600483,37.888117,5,3470
2019-04-04T04:00:31.000Z,23.600483,37.888117,5,3470
2019-04-04T04:09:55.000Z,23.600617,37.896333,7,34420
2019-04-04T04:09:55.000Z,23.600617,37.896333,7,34420
2019-04-04T04:09:55.000Z,23.600617,37.896333,7,34420
2019-04-04T04:13:20.000Z,23.599117,37.90038300000001,7,34430
2019-04-04T04:13:20.000Z,23.599117,37.90038300000001,7,34430
2019-04-04T04:13:20.000Z,23.599117,37.90038300000001,7,34430
2019-04-04T04:16:27.000Z,23.598033,37.903633,6,34420
2019-04-04T04:16:27.000Z,23.598033,37.903633,6,34420
2019-04-04T04:16:27.000Z,23.598033,37.903633,6,34420
2019-04-04T04:21:40.000Z,23.595583,37.90925,8,33340
2019-04-04T04:21:40.000Z,23.595583,37.90925,8,33340
2019-04-04T04:21:40.000Z,23.595583,37.90925,8,33340
2019-04-04T04:25:56.000Z,23.591383,37.914583,12,32440
2019-04-04T04:25:56.000Z,23.591383,37.914583,12,32440
2019-04-04T04:25:56.000Z,23.591383,37.914583,12,32440
2019-04-04T04:29:00.000Z,23.5868,37.919517,12,32340
2019-04-04T04:29:00.000Z,23.5868,37.919517,12,32340
2019-04-04T04:29:00.000Z,23.5868,37.919517,12,32340
2019-04-04T04:32:21.000Z,23.582333,37.924683,11,33110
2019-04-04T04:32:21.000Z,23.582333,37.924683,11,33110
2019-04-04T04:32:21.000Z,23.582333,37.924683,11,33110
2019-04-04T04:37:35.000Z,23.57895,37.9323,9,34540
2019-04-04T04:37:35.000Z,23.57895,37.9323,9,34540
2019-04-04T04:37:35.000Z,23.57895,37.9323,9,34540
2019-04-04T04:40:50.000Z,23.57835,37.936767,9,290
2019-04-04T04:40:50.000Z,23.57835,37.936767,9,290
2019-04-04T04:40:50.000Z,23.57835,37.936767,9,290
2019-04-04T04:45:30.000Z,23.581317,37.942833,8,3590
2019-04-04T04:45:30.000Z,23.581317,37.942833,8,3590
2019-04-04T04:45:30.000Z,23.581317,37.942833,8,3590
2019-04-04T04:48:41.000Z,23.58455,37.946033,7,3770
2019-04-04T04:48:41.000Z,23.58455,37.946033,7,3770
2019-04-04T04:48:41.000Z,23.58455,37.946033,7,3770
2019-04-04T04:54:05.000Z,23.5871,37.950833,5,560
2019-04-04T04:54:05.000Z,23.5871,37.950833,5,560
2019-04-04T04:54:05.000Z,23.5871,37.950833,5,560
2019-04-04T04:57:41.000Z,23.586983,37.953133,2,35310
2019-04-04T04:57:41.000Z,23.586983,37.953133,2,35310
2019-04-04T04:57:41.000Z,23.586983,37.953133,2,35310
2019-04-04T05:02:04.000Z,23.5866,37.953733,0,32410
2019-04-04T05:02:04.000Z,23.5866,37.953733,0,32410
2019-04-04T05:02:04.000Z,23.5866,37.953733,0,32410
2019-04-04T05:05:30.000Z,23.586317,37.95415,0,34230
2019-04-04T05:05:30.000Z,23.586317,37.95415,0,34230
2019-04-04T05:05:30.000Z,23.586317,37.95415,0,34230
2019-04-04T05:09:39.000Z,23.586117,37.9546,0,34950
2019-04-04T05:09:39.000Z,23.586117,37.9546,0,34950
2019-04-04T05:09:39.000Z,23.586117,37.9546,0,34950
2019-04-04T05:12:44.000Z,23.586,37.95475,0,29850
2019-04-04T05:12:44.000Z,23.586,37.95475,0,29850
2019-04-04T05:12:44.000Z,23.586,37.95475,0,29850
2019-04-04T05:17:13.000Z,23.585983,37.954733,0,35920
2019-04-04T05:17:13.000Z,23.585983,37.954733,0,35920
2019-04-04T05:17:13.000Z,23.585983,37.954733,0,35920
2019-04-04T05:23:13.000Z,23.585967,37.95475,0,9720
2019-04-04T05:23:13.000Z,23.585967,37.95475,0,9720
2019-04-04T05:23:13.000Z,23.585967,37.95475,0,9720
2019-04-04T05:29:08.000Z,23.586017,37.954767,0,6810
2019-04-04T05:29:08.000Z,23.586017,37.954767,0,6810
2019-04-04T05:29:08.000Z,23.586017,37.954767,0,6810
2019-04-04T05:35:16.000Z,23.586017,37.954767,0,33280
2019-04-04T05:35:16.000Z,23.586017,37.954767,0,33280
2019-04-04T05:35:16.000Z,23.586017,37.954767,0,33280
2019-04-04T05:41:12.000Z,23.586017,37.95475,0,34770
2019-04-04T05:41:12.000Z,23.586017,37.95475,0,34770
2019-04-04T05:41:12.000Z,23.586017,37.95475,0,34770
2019-04-04T05:50:13.000Z,23.586017,37.95475,0,19680
2019-04-04T05:50:13.000Z,23.586017,37.95475,0,19680
2019-04-04T05:50:13.000Z,23.586017,37.95475,0,19680
2019-04-04T05:53:09.000Z,23.586017,37.95475,0,25610
2019-04-04T05:53:09.000Z,23.586017,37.95475,0,25610
2019-04-04T05:53:09.000Z,23.586017,37.95475,0,25610
2019-04-04T05:59:08.000Z,23.586017,37.95475,0,35370
2019-04-04T05:59:08.000Z,23.586017,37.95475,0,35370
2019-04-04T05:59:08.000Z,23.586017,37.95475,0,35370
2019-04-04T06:05:15.000Z,23.586017,37.954767,0,12590
2019-04-04T06:05:15.000Z,23.586017,37.954767,0,12590
2019-04-04T06:05:15.000Z,23.586017,37.954767,0,12590
2019-04-04T06:08:08.000Z,23.586017,37.95475,0,1510
2019-04-04T06:08:08.000Z,23.586017,37.95475,0,1510
2019-04-04T06:08:08.000Z,23.586017,37.95475,0,1510
2019-04-04T06:11:13.000Z,23.586017,37.954767,0,15480
2019-04-04T06:11:13.000Z,23.586017,37.954767,0,15480
2019-04-04T06:11:13.000Z,23.586017,37.954767,0,15480
2019-04-04T06:14:07.000Z,23.586033,37.95475,0,33260
2019-04-04T06:14:07.000Z,23.586033,37.95475,0,33260
2019-04-04T06:14:07.000Z,23.586033,37.95475,0,33260
2019-04-04T06:20:08.000Z,23.586033,37.95475,0,8290
2019-04-04T06:20:08.000Z,23.586033,37.95475,0,8290
2019-04-04T06:20:08.000Z,23.586033,37.95475,0,8290
2019-04-04T06:26:12.000Z,23.586017,37.95475,0,7940
2019-04-04T06:26:12.000Z,23.586017,37.95475,0,7940
2019-04-04T06:26:12.000Z,23.586017,37.95475,0,7940
2019-04-04T06:32:14.000Z,23.586,37.95475,0,20420
2019-04-04T06:32:14.000Z,23.586,37.95475,0,20420
2019-04-04T06:32:14.000Z,23.586,37.95475,0,20420
2019-04-04T06:35:08.000Z,23.586017,37.95475,0,24810
2019-04-04T06:35:08.000Z,23.586017,37.95475,0,24810
2019-04-04T06:35:08.000Z,23.586017,37.95475,0,24810
2019-04-04T06:41:15.000Z,23.586017,37.95475,0,33530
2019-04-04T06:41:15.000Z,23.586017,37.95475,0,33530
2019-04-04T06:41:15.000Z,23.586017,37.95475,0,33530
2019-04-04T06:44:09.000Z,23.586,37.95475,0,30840
2019-04-04T06:44:09.000Z,23.586,37.95475,0,30840
2019-04-04T06:44:09.000Z,23.586,37.95475,0,30840
2019-04-04T06:50:14.000Z,23.586,37.95475,0,17100
2019-04-04T06:50:14.000Z,23.586,37.95475,0,17100
2019-04-04T06:50:14.000Z,23.586,37.95475,0,17100
2019-04-04T06:56:14.000Z,23.586,37.954767,0,13870
2019-04-04T06:56:14.000Z,23.586,37.954767,0,13870
2019-04-04T06:56:14.000Z,23.586,37.954767,0,13870
2019-04-04T07:02:14.000Z,23.586,37.95475,0,15240
2019-04-04T07:02:14.000Z,23.586,37.95475,0,15240
2019-04-04T07:02:14.000Z,23.586,37.95475,0,15240
2019-04-04T07:08:14.000Z,23.586,37.95475,0,35910
2019-04-04T07:08:14.000Z,23.586,37.95475,0,35910
2019-04-04T07:08:14.000Z,23.586,37.95475,0,35910
2019-04-04T07:14:15.000Z,23.586,37.95475,0,26050
2019-04-04T07:14:15.000Z,23.586,37.95475,0,26050
2019-04-04T07:14:15.000Z,23.586,37.95475,0,26050
2019-04-04T07:20:08.000Z,23.586,37.954767,0,23460
2019-04-04T07:20:08.000Z,23.586,37.954767,0,23460
2019-04-04T07:20:08.000Z,23.586,37.954767,0,23460
2019-04-04T07:23:09.000Z,23.586017,37.95475,0,16270
2019-04-04T07:23:09.000Z,23.586017,37.95475,0,16270
2019-04-04T07:23:09.000Z,23.586017,37.95475,0,16270
2019-04-04T07:29:09.000Z,23.586,37.95475,0,15780
2019-04-04T07:29:09.000Z,23.586,37.95475,0,15780
2019-04-04T07:29:09.000Z,23.586,37.95475,0,15780
2019-04-04T07:35:14.000Z,23.585983,37.954767,0,15470
2019-04-04T07:35:14.000Z,23.585983,37.954767,0,15470
2019-04-04T07:35:14.000Z,23.585983,37.954767,0,15470
2019-04-04T07:38:09.000Z,23.586,37.95475,0,30470
2019-04-04T07:38:09.000Z,23.586,37.95475,0,30470
2019-04-04T07:38:09.000Z,23.586,37.95475,0,30470
2019-04-04T07:44:08.000Z,23.586017,37.954733,0,12850
2019-04-04T07:44:08.000Z,23.586017,37.954733,0,12850
2019-04-04T07:44:08.000Z,23.586017,37.954733,0,12850
2019-04-04T07:47:09.000Z,23.586017,37.954733,0,14020
2019-04-04T07:47:09.000Z,23.586017,37.954733,0,14020
2019-04-04T07:47:09.000Z,23.586017,37.954733,0,14020
2019-04-04T07:53:10.000Z,23.586,37.954767,0,14550
2019-04-04T07:53:10.000Z,23.586,37.954767,0,14550
2019-04-04T07:53:10.000Z,23.586,37.954767,0,14550
2019-04-04T07:59:10.000Z,23.586,37.954767,0,1890
2019-04-04T07:59:10.000Z,23.586,37.954767,0,1890
2019-04-04T07:59:10.000Z,23.586,37.954767,0,1890
2019-04-04T08:08:08.000Z,23.585983,37.954767,0,25430
2019-04-04T08:08:08.000Z,23.585983,37.954767,0,25430
2019-04-04T08:08:08.000Z,23.585983,37.954767,0,25430
2019-04-04T08:14:07.000Z,23.586,37.954767,0,22980
2019-04-04T08:14:07.000Z,23.586,37.954767,0,22980
2019-04-04T08:14:07.000Z,23.586,37.954767,0,22980
2019-04-04T08:17:09.000Z,23.586017,37.954733,0,16140
2019-04-04T08:17:09.000Z,23.586017,37.954733,0,16140
2019-04-04T08:17:09.000Z,23.586017,37.954733,0,16140
2019-04-04T08:23:08.000Z,23.585983,37.954767,0,35360
2019-04-04T08:23:08.000Z,23.585983,37.954767,0,35360
2019-04-04T08:23:08.000Z,23.585983,37.954767,0,35360
2019-04-04T08:29:09.000Z,23.586017,37.954733,0,26190
2019-04-04T08:29:09.000Z,23.586017,37.954733,0,26190
2019-04-04T08:29:09.000Z,23.586017,37.954733,0,26190
2019-04-04T08:35:08.000Z,23.586,37.954733,0,10480
2019-04-04T08:35:08.000Z,23.586,37.954733,0,10480
2019-04-04T08:35:08.000Z,23.586,37.954733,0,10480
2019-04-04T08:44:08.000Z,23.586017,37.954733,0,20100
2019-04-04T08:44:08.000Z,23.586017,37.954733,0,20100
2019-04-04T08:44:08.000Z,23.586017,37.954733,0,20100
2019-04-04T08:50:07.000Z,23.586017,37.954733,0,32780
2019-04-04T08:50:07.000Z,23.586017,37.954733,0,32780
2019-04-04T08:50:07.000Z,23.586017,37.954733,0,32780
2019-04-04T08:56:09.000Z,23.586017,37.954733,0,33940
2019-04-04T08:56:09.000Z,23.586017,37.954733,0,33940
2019-04-04T08:56:09.000Z,23.586017,37.954733,0,33940
2019-04-04T09:02:07.000Z,23.586,37.95475,0,35630
2019-04-04T09:02:07.000Z,23.586,37.95475,0,35630
2019-04-04T09:02:07.000Z,23.586,37.95475,0,35630
2019-04-04T09:05:08.000Z,23.586,37.95475,0,32870
2019-04-04T09:05:08.000Z,23.586,37.95475,0,32870
2019-04-04T09:05:08.000Z,23.586,37.95475,0,32870
2019-04-04T09:11:08.000Z,23.586017,37.95475,0,32620
2019-04-04T09:11:08.000Z,23.586017,37.95475,0,32620
2019-04-04T09:11:08.000Z,23.586017,37.95475,0,32620
2019-04-04T09:17:09.000Z,23.586,37.95475,0,28990
2019-04-04T09:17:09.000Z,23.586,37.95475,0,28990
2019-04-04T09:17:09.000Z,23.586,37.95475,0,28990
2019-04-04T09:23:08.000Z,23.586,37.95475,0,19330
2019-04-04T09:23:08.000Z,23.586,37.95475,0,19330
2019-04-04T09:23:08.000Z,23.586,37.95475,0,19330
2019-04-04T09:29:10.000Z,23.586,37.95475,0,25210
2019-04-04T09:29:10.000Z,23.586,37.95475,0,25210
2019-04-04T09:29:10.000Z,23.586,37.95475,0,25210
2019-04-04T09:35:09.000Z,23.586,37.954733,0,18240
2019-04-04T09:35:09.000Z,23.586,37.954733,0,18240
2019-04-04T09:35:09.000Z,23.586,37.954733,0,18240
2019-04-04T09:41:08.000Z,23.586,37.954733,0,16580
2019-04-04T09:41:08.000Z,23.586,37.954733,0,16580
2019-04-04T09:41:08.000Z,23.586,37.954733,0,16580
2019-04-04T09:47:08.000Z,23.586,37.954733,0,23170
2019-04-04T09:47:08.000Z,23.586,37.954733,0,23170
2019-04-04T09:47:08.000Z,23.586,37.954733,0,23170
2019-04-04T09:50:09.000Z,23.586,37.954733,0,27710
2019-04-04T09:50:09.000Z,23.586,37.954733,0,27710
2019-04-04T09:50:09.000Z,23.586,37.954733,0,27710
2019-04-04T09:56:08.000Z,23.586,37.954733,0,6750
2019-04-04T09:56:08.000Z,23.586,37.954733,0,6750
2019-04-04T09:56:08.000Z,23.586,37.954733,0,6750
2019-04-04T10:02:08.000Z,23.586,37.954733,0,32240
2019-04-04T10:02:08.000Z,23.586,37.954733,0,32240
2019-04-04T10:02:08.000Z,23.586,37.954733,0,32240
2019-04-04T10:05:09.000Z,23.586017,37.954717,0,15970
2019-04-04T10:05:09.000Z,23.586017,37.954717,0,15970
2019-04-04T10:05:09.000Z,23.586017,37.954717,0,15970
2019-04-04T10:11:08.000Z,23.586017,37.954717,0,12220
2019-04-04T10:11:08.000Z,23.586017,37.954717,0,12220
2019-04-04T10:11:08.000Z,23.586017,37.954717,0,12220
2019-04-04T10:17:09.000Z,23.586017,37.954717,0,14120
2019-04-04T10:17:09.000Z,23.586017,37.954717,0,14120
2019-04-04T10:17:09.000Z,23.586017,37.954717,0,14120
2019-04-04T10:23:09.000Z,23.586,37.954733,0,31380
2019-04-04T10:23:09.000Z,23.586,37.954733,0,31380
2019-04-04T10:23:09.000Z,23.586,37.954733,0,31380
2019-04-04T10:29:09.000Z,23.586,37.954733,0,33880
2019-04-04T10:29:09.000Z,23.586,37.954733,0,33880
2019-04-04T10:29:09.000Z,23.586,37.954733,0,33880
2019-04-04T10:35:09.000Z,23.586033,37.954717,0,29550
2019-04-04T10:35:09.000Z,23.586033,37.954717,0,29550
2019-04-04T10:35:09.000Z,23.586033,37.954717,0,29550
2019-04-04T10:41:09.000Z,23.586017,37.954733,0,8470
2019-04-04T10:41:09.000Z,23.586017,37.954733,0,8470
2019-04-04T10:41:09.000Z,23.586017,37.954733,0,8470
2019-04-04T10:47:08.000Z,23.586017,37.954733,0,31940
2019-04-04T10:47:08.000Z,23.586017,37.954733,0,31940
2019-04-04T10:47:08.000Z,23.586017,37.954733,0,31940
2019-04-04T10:56:09.000Z,23.586,37.954733,0,29740
2019-04-04T10:56:09.000Z,23.586,37.954733,0,29740
2019-04-04T10:56:09.000Z,23.586,37.954733,0,29740
2019-04-04T11:02:07.000Z,23.586,37.95475,0,17270
2019-04-04T11:02:07.000Z,23.586,37.95475,0,17270
2019-04-04T11:02:07.000Z,23.586,37.95475,0,17270
2019-04-04T11:08:08.000Z,23.586,37.95475,0,14050
2019-04-04T11:08:08.000Z,23.586,37.95475,0,14050
2019-04-04T11:08:08.000Z,23.586,37.95475,0,14050
2019-04-04T11:11:09.000Z,23.586,37.95475,0,30420
2019-04-04T11:11:09.000Z,23.586,37.95475,0,30420
2019-04-04T11:11:09.000Z,23.586,37.95475,0,30420
2019-04-04T11:17:09.000Z,23.586,37.95475,0,18820
2019-04-04T11:17:09.000Z,23.586,37.95475,0,18820
2019-04-04T11:17:09.000Z,23.586,37.95475,0,18820
2019-04-04T11:17:08.000Z,23.586,37.95475,0,18820
2019-04-04T11:17:08.000Z,23.586,37.95475,0,18820
2019-04-04T11:17:08.000Z,23.586,37.95475,0,18820
2019-04-04T11:23:09.000Z,23.586,37.954733,0,4650
2019-04-04T11:23:09.000Z,23.586,37.954733,0,4650
2019-04-04T11:23:09.000Z,23.586,37.954733,0,4650
2019-04-04T11:29:12.000Z,23.586,37.95475,0,20430
2019-04-04T11:29:12.000Z,23.586,37.95475,0,20430
2019-04-04T11:29:12.000Z,23.586,37.95475,0,20430
2019-04-04T11:32:09.000Z,23.586,37.95475,0,18240
2019-04-04T11:32:09.000Z,23.586,37.95475,0,18240
2019-04-04T11:32:09.000Z,23.586,37.95475,0,18240
2019-04-04T11:35:13.000Z,23.586,37.95475,0,27810
2019-04-04T11:35:13.000Z,23.586,37.95475,0,27810
2019-04-04T11:35:13.000Z,23.586,37.95475,0,27810
2019-04-04T11:41:12.000Z,23.586,37.95475,0,23310
2019-04-04T11:41:12.000Z,23.586,37.95475,0,23310
2019-04-04T11:41:12.000Z,23.586,37.95475,0,23310
2019-04-04T11:44:08.000Z,23.586,37.95475,0,29810
2019-04-04T11:44:08.000Z,23.586,37.95475,0,29810
2019-04-04T11:44:08.000Z,23.586,37.95475,0,29810
2019-04-04T11:47:12.000Z,23.586,37.95475,0,30600
2019-04-04T11:47:12.000Z,23.586,37.95475,0,30600
2019-04-04T11:47:12.000Z,23.586,37.95475,0,30600
2019-04-04T11:53:12.000Z,23.586,37.95475,0,3040
2019-04-04T11:53:12.000Z,23.586,37.95475,0,3040
2019-04-04T11:53:12.000Z,23.586,37.95475,0,3040
2019-04-04T11:56:08.000Z,23.586,37.95475,0,20010
2019-04-04T11:56:08.000Z,23.586,37.95475,0,20010
2019-04-04T11:56:08.000Z,23.586,37.95475,0,20010
2019-04-04T11:59:09.000Z,23.586,37.95475,0,23600
2019-04-04T11:59:09.000Z,23.586,37.95475,0,23600
2019-04-04T11:59:09.000Z,23.586,37.95475,0,23600
2019-04-04T12:02:12.000Z,23.586,37.95475,0,1750
2019-04-04T12:02:12.000Z,23.586,37.95475,0,1750
2019-04-04T12:02:12.000Z,23.586,37.95475,0,1750
2019-04-04T12:11:09.000Z,23.586,37.95475,0,20200
2019-04-04T12:11:09.000Z,23.586,37.95475,0,20200
2019-04-04T12:11:09.000Z,23.586,37.95475,0,20200
2019-04-04T12:20:10.000Z,23.586017,37.954767,0,25620
2019-04-04T12:20:10.000Z,23.586017,37.954767,0,25620
2019-04-04T12:20:10.000Z,23.586017,37.954767,0,25620
2019-04-04T12:23:13.000Z,23.586,37.954783,0,1110
2019-04-04T12:23:13.000Z,23.586,37.954783,0,1110
2019-04-04T12:23:13.000Z,23.586,37.954783,0,1110
2019-04-04T12:29:09.000Z,23.586,37.954767,0,33120
2019-04-04T12:29:09.000Z,23.586,37.954767,0,33120
2019-04-04T12:29:09.000Z,23.586,37.954767,0,33120
2019-04-04T12:32:14.000Z,23.586,37.95475,0,27520
2019-04-04T12:32:14.000Z,23.586,37.95475,0,27520
2019-04-04T12:32:14.000Z,23.586,37.95475,0,27520
2019-04-04T12:38:12.000Z,23.586017,37.954783,0,32760
2019-04-04T12:38:12.000Z,23.586017,37.954783,0,32760
2019-04-04T12:38:15.000Z,23.586017,37.954783,0,32760
2019-04-04T12:38:15.000Z,23.586017,37.954783,0,32760
2019-04-04T12:38:12.000Z,23.586017,37.954783,0,32760
2019-04-04T12:38:15.000Z,23.586017,37.954783,0,32760
2019-04-04T12:44:14.000Z,23.586033,37.954783,0,9590
2019-04-04T12:44:14.000Z,23.586033,37.954783,0,9590
2019-04-04T12:44:14.000Z,23.586033,37.954783,0,9590
2019-04-04T12:50:13.000Z,23.586017,37.954767,0,13240
2019-04-04T12:50:13.000Z,23.586017,37.954767,0,13240
2019-04-04T12:50:13.000Z,23.586017,37.954767,0,13240
2019-04-04T12:53:14.000Z,23.586033,37.954767,0,6680
2019-04-04T12:53:14.000Z,23.586033,37.954767,0,6680
2019-04-04T12:53:14.000Z,23.586033,37.954767,0,6680
2019-04-04T12:56:11.000Z,23.586017,37.954767,0,30680
2019-04-04T12:56:11.000Z,23.586017,37.954767,0,30680
2019-04-04T12:56:11.000Z,23.586017,37.954767,0,30680
2019-04-04T13:02:11.000Z,23.586033,37.95475,0,14310
2019-04-04T13:02:11.000Z,23.586033,37.95475,0,14310
2019-04-04T13:02:11.000Z,23.586033,37.95475,0,14310
2019-04-04T13:14:10.000Z,23.585967,37.954783,0,20250
2019-04-04T13:14:10.000Z,23.585967,37.954783,0,20250
2019-04-04T13:14:10.000Z,23.585967,37.954783,0,20250
2019-04-04T13:17:10.000Z,23.585967,37.954783,0,5100
2019-04-04T13:17:10.000Z,23.585967,37.954783,0,5100
2019-04-04T13:17:10.000Z,23.585967,37.954783,0,5100
2019-04-04T13:20:11.000Z,23.585967,37.954783,0,31900
2019-04-04T13:20:11.000Z,23.585967,37.954783,0,31900
2019-04-04T13:20:11.000Z,23.585967,37.954783,0,31900
2019-04-04T13:23:10.000Z,23.585967,37.954783,0,13650
2019-04-04T13:23:10.000Z,23.585967,37.954783,0,13650
2019-04-04T13:23:10.000Z,23.585967,37.954783,0,13650
2019-04-04T13:29:14.000Z,23.586,37.95475,0,16600
2019-04-04T13:29:14.000Z,23.586,37.95475,0,16600
2019-04-04T13:29:14.000Z,23.586,37.95475,0,16600
2019-04-04T13:35:16.000Z,23.586,37.95475,0,3150
2019-04-04T13:35:16.000Z,23.586,37.95475,0,3150
2019-04-04T13:35:16.000Z,23.586,37.95475,0,3150
2019-04-04T13:47:11.000Z,23.586017,37.954733,0,28080
2019-04-04T13:47:11.000Z,23.586017,37.954733,0,28080
2019-04-04T13:47:11.000Z,23.586017,37.954733,0,28080
2019-04-04T13:53:09.000Z,23.586017,37.9548,0,26800
2019-04-04T13:53:09.000Z,23.586017,37.9548,0,26800
2019-04-04T13:53:09.000Z,23.586017,37.9548,0,26800
2019-04-04T14:02:09.000Z,23.586017,37.95475,0,250
2019-04-04T14:02:09.000Z,23.586017,37.95475,0,250
2019-04-04T14:02:09.000Z,23.586017,37.95475,0,250
2019-04-04T14:05:13.000Z,23.586017,37.954733,0,11810
2019-04-04T14:05:13.000Z,23.586017,37.954733,0,11810
2019-04-04T14:05:13.000Z,23.586017,37.954733,0,11810
2019-04-04T14:11:11.000Z,23.586,37.954783,0,7600
2019-04-04T14:11:11.000Z,23.586,37.954783,0,7600
2019-04-04T14:11:11.000Z,23.586,37.954783,0,7600
2019-04-04T14:17:13.000Z,23.586,37.954767,0,2080
2019-04-04T14:17:13.000Z,23.586,37.954767,0,2080
2019-04-04T14:17:13.000Z,23.586,37.954767,0,2080
2019-04-04T14:20:14.000Z,23.586,37.95475,0,8300
2019-04-04T14:20:14.000Z,23.586,37.95475,0,8300
2019-04-04T14:20:14.000Z,23.586,37.95475,0,8300
2019-04-04T14:26:12.000Z,23.586,37.954733,0,18780
2019-04-04T14:26:12.000Z,23.586,37.954733,0,18780
2019-04-04T14:26:12.000Z,23.586,37.954733,0,18780
2019-04-04T14:29:14.000Z,23.586,37.95475,0,4010
2019-04-04T14:29:14.000Z,23.586,37.95475,0,4010
2019-04-04T14:29:14.000Z,23.586,37.95475,0,4010
2019-04-04T14:38:14.000Z,23.586,37.954733,0,17450
2019-04-04T14:38:14.000Z,23.586,37.954733,0,17450
2019-04-04T14:38:14.000Z,23.586,37.954733,0,17450
2019-04-04T14:44:11.000Z,23.586,37.954733,0,3120
2019-04-04T14:44:11.000Z,23.586,37.954733,0,3120
2019-04-04T14:44:11.000Z,23.586,37.954733,0,3120
2019-04-04T14:50:09.000Z,23.586017,37.9547,0,31270
2019-04-04T14:50:09.000Z,23.586017,37.9547,0,31270
2019-04-04T14:50:09.000Z,23.586017,37.9547,0,31270
2019-04-04T14:56:14.000Z,23.586,37.954733,0,16030
2019-04-04T14:56:14.000Z,23.586,37.954733,0,16030
2019-04-04T14:56:14.000Z,23.586,37.954733,0,16030
2019-04-04T15:02:12.000Z,23.586,37.95475,0,30570
2019-04-04T15:02:12.000Z,23.586,37.95475,0,30570
2019-04-04T15:02:12.000Z,23.586,37.95475,0,30570
2019-04-04T15:05:14.000Z,23.586,37.954733,0,11140
2019-04-04T15:05:14.000Z,23.586,37.954733,0,11140
2019-04-04T15:05:14.000Z,23.586,37.954733,0,11140
2019-04-04T15:08:09.000Z,23.586,37.954717,0,34560
2019-04-04T15:08:09.000Z,23.586,37.954717,0,34560
2019-04-04T15:08:09.000Z,23.586,37.954717,0,34560
2019-04-04T15:14:09.000Z,23.586017,37.954733,0,13180
2019-04-04T15:14:09.000Z,23.586017,37.954733,0,13180
2019-04-04T15:14:09.000Z,23.586017,37.954733,0,13180
2019-04-04T15:17:10.000Z,23.586033,37.954767,0,33970
2019-04-04T15:17:10.000Z,23.586033,37.954767,0,33970
2019-04-04T15:17:10.000Z,23.586033,37.954767,0,33970
2019-04-04T15:20:13.000Z,23.586033,37.954767,0,31170
2019-04-04T15:20:13.000Z,23.586033,37.954767,0,31170
2019-04-04T15:20:13.000Z,23.586033,37.954767,0,31170
2019-04-04T15:29:13.000Z,23.586033,37.9548,0,12100
2019-04-04T15:29:13.000Z,23.586033,37.9548,0,12100
2019-04-04T15:29:13.000Z,23.586033,37.9548,0,12100
2019-04-04T15:38:11.000Z,23.586017,37.954767,0,16360
2019-04-04T15:38:11.000Z,23.586017,37.954767,0,16360
2019-04-04T15:38:11.000Z,23.586017,37.954767,0,16360
2019-04-04T15:44:09.000Z,23.586017,37.95475,0,6540
2019-04-04T15:44:09.000Z,23.586017,37.95475,0,6540
2019-04-04T15:44:09.000Z,23.586017,37.95475,0,6540
2019-04-04T15:50:13.000Z,23.586017,37.95475,0,10860
2019-04-04T15:50:13.000Z,23.586017,37.95475,0,10860
2019-04-04T15:50:13.000Z,23.586017,37.95475,0,10860
2019-04-04T15:53:10.000Z,23.586,37.954767,0,31130
2019-04-04T15:53:10.000Z,23.586,37.954767,0,31130
2019-04-04T15:53:10.000Z,23.586,37.954767,0,31130
2019-04-04T15:56:12.000Z,23.586017,37.954767,0,28230
2019-04-04T15:56:12.000Z,23.586017,37.954767,0,28230
2019-04-04T15:56:12.000Z,23.586017,37.954767,0,28230
2019-04-04T16:02:12.000Z,23.586,37.95475,0,4270
2019-04-04T16:02:12.000Z,23.586,37.95475,0,4270
2019-04-04T16:02:12.000Z,23.586,37.95475,0,4270
2019-04-04T16:05:13.000Z,23.586,37.954767,0,34300
2019-04-04T16:05:13.000Z,23.586,37.954767,0,34300
2019-04-04T16:05:13.000Z,23.586,37.954767,0,34300
2019-04-04T16:11:10.000Z,23.586,37.954767,0,34820
2019-04-04T16:11:10.000Z,23.586,37.954767,0,34820
2019-04-04T16:11:10.000Z,23.586,37.954767,0,34820
2019-04-04T16:32:08.000Z,23.585983,37.954767,0,18320
2019-04-04T16:32:08.000Z,23.585983,37.954767,0,18320
2019-04-04T16:32:08.000Z,23.585983,37.954767,0,18320
2019-04-04T16:35:15.000Z,23.585983,37.954767,0,15670
2019-04-04T16:35:15.000Z,23.585983,37.954767,0,15670
2019-04-04T16:35:15.000Z,23.585983,37.954767,0,15670
2019-04-04T16:44:15.000Z,23.585967,37.9548,0,21890
2019-04-04T16:44:15.000Z,23.585967,37.9548,0,21890
2019-04-04T16:44:15.000Z,23.585967,37.9548,0,21890
2019-04-04T16:47:10.000Z,23.586033,37.954717,0,26920
2019-04-04T16:47:10.000Z,23.586033,37.954717,0,26920
2019-04-04T16:47:10.000Z,23.586033,37.954717,0,26920
2019-04-04T16:56:10.000Z,23.586033,37.954717,0,5580
2019-04-04T16:56:10.000Z,23.586033,37.954717,0,5580
2019-04-04T16:56:10.000Z,23.586033,37.954717,0,5580
2019-04-04T17:02:08.000Z,23.586017,37.954733,0,26380
2019-04-04T17:02:08.000Z,23.586017,37.954733,0,26380
2019-04-04T17:02:08.000Z,23.586017,37.954733,0,26380
2019-04-04T17:05:13.000Z,23.586,37.954767,0,32320
2019-04-04T17:05:13.000Z,23.586,37.954767,0,32320
2019-04-04T17:05:13.000Z,23.586,37.954767,0,32320
2019-04-04T17:11:13.000Z,23.586017,37.95475,0,16000
2019-04-04T17:11:13.000Z,23.586017,37.95475,0,16000
2019-04-04T17:11:13.000Z,23.586017,37.95475,0,16000
2019-04-04T17:14:08.000Z,23.58605,37.954733,0,750
2019-04-04T17:14:08.000Z,23.58605,37.954733,0,750
2019-04-04T17:14:08.000Z,23.58605,37.954733,0,750
2019-04-04T17:17:12.000Z,23.58605,37.954767,0,2620
2019-04-04T17:17:12.000Z,23.58605,37.954767,0,2620
2019-04-04T17:17:12.000Z,23.58605,37.954767,0,2620
2019-04-04T17:20:09.000Z,23.586033,37.954767,0,18540
2019-04-04T17:20:09.000Z,23.586033,37.954767,0,18540
2019-04-04T17:20:09.000Z,23.586033,37.954767,0,18540
2019-04-04T17:32:14.000Z,23.586033,37.954733,0,22320
2019-04-04T17:32:14.000Z,23.586033,37.954733,0,22320
2019-04-04T17:32:14.000Z,23.586033,37.954733,0,22320
2019-04-04T17:38:13.000Z,23.586033,37.95475,0,3860
2019-04-04T17:38:13.000Z,23.586033,37.95475,0,3860
2019-04-04T17:38:13.000Z,23.586033,37.95475,0,3860
2019-04-04T17:44:10.000Z,23.586017,37.954783,0,22310
2019-04-04T17:44:10.000Z,23.586017,37.954783,0,22310
2019-04-04T17:44:10.000Z,23.586017,37.954783,0,22310
2019-04-04T17:47:14.000Z,23.586,37.954767,0,27560
2019-04-04T17:47:14.000Z,23.586,37.954767,0,27560
2019-04-04T17:47:14.000Z,23.586,37.954767,0,27560
2019-04-04T17:59:10.000Z,23.586017,37.95475,0,11510
2019-04-04T17:59:10.000Z,23.586017,37.95475,0,11510
2019-04-04T17:59:10.000Z,23.586017,37.95475,0,11510
2019-04-04T18:02:11.000Z,23.586017,37.95475,0,7910
2019-04-04T18:02:11.000Z,23.586017,37.95475,0,7910
2019-04-04T18:02:11.000Z,23.586017,37.95475,0,7910
2019-04-04T18:05:14.000Z,23.586017,37.95475,0,11860
2019-04-04T18:05:14.000Z,23.586017,37.95475,0,11860
2019-04-04T18:05:14.000Z,23.586017,37.95475,0,11860
2019-04-04T18:11:13.000Z,23.586017,37.95475,0,26620
2019-04-04T18:11:13.000Z,23.586017,37.95475,0,26620
2019-04-04T18:11:13.000Z,23.586017,37.95475,0,26620
2019-04-04T18:14:14.000Z,23.586017,37.954733,0,480
2019-04-04T18:14:14.000Z,23.586017,37.954733,0,480
2019-04-04T18:14:14.000Z,23.586017,37.954733,0,480
2019-04-04T18:20:13.000Z,23.586017,37.954733,0,6080
2019-04-04T18:20:13.000Z,23.586017,37.954733,0,6080
2019-04-04T18:20:13.000Z,23.586017,37.954733,0,6080
2019-04-04T18:23:15.000Z,23.586017,37.954733,0,1100
2019-04-04T18:23:15.000Z,23.586017,37.954733,0,1100
2019-04-04T18:23:15.000Z,23.586017,37.954733,0,1100
2019-04-04T18:32:14.000Z,23.586017,37.95475,0,31280
2019-04-04T18:32:14.000Z,23.586017,37.95475,0,31280
2019-04-04T18:32:14.000Z,23.586017,37.95475,0,31280
2019-04-04T18:38:07.000Z,23.586017,37.95475,0,17740
2019-04-04T18:38:07.000Z,23.586017,37.95475,0,17740
2019-04-04T18:38:07.000Z,23.586017,37.95475,0,17740
2019-04-04T18:41:08.000Z,23.586017,37.95475,0,15740
2019-04-04T18:41:08.000Z,23.586017,37.95475,0,15740
2019-04-04T18:41:08.000Z,23.586017,37.95475,0,15740
2019-04-04T18:50:08.000Z,23.586,37.95475,0,1970
2019-04-04T18:50:08.000Z,23.586,37.95475,0,1970
2019-04-04T18:50:08.000Z,23.586,37.95475,0,1970
2019-04-04T18:56:16.000Z,23.586017,37.954733,0,32480
2019-04-04T18:56:16.000Z,23.586017,37.954733,0,32480
2019-04-04T18:56:16.000Z,23.586017,37.954733,0,32480
2019-04-04T19:02:14.000Z,23.586017,37.954733,0,31880
2019-04-04T19:02:14.000Z,23.586017,37.954733,0,31880
2019-04-04T19:02:14.000Z,23.586017,37.954733,0,31880
2019-04-04T19:08:13.000Z,23.586,37.954733,0,31540
2019-04-04T19:08:13.000Z,23.586,37.954733,0,31540
2019-04-04T19:08:13.000Z,23.586,37.954733,0,31540
2019-04-04T19:11:14.000Z,23.586,37.954733,0,2210
2019-04-04T19:11:14.000Z,23.586,37.954733,0,2210
2019-04-04T19:11:14.000Z,23.586,37.954733,0,2210
2019-04-04T19:23:08.000Z,23.586033,37.954717,0,16510
2019-04-04T19:23:08.000Z,23.586033,37.954717,0,16510
2019-04-04T19:23:08.000Z,23.586033,37.954717,0,16510
2019-04-04T19:29:14.000Z,23.586,37.954733,0,34820
2019-04-04T19:29:14.000Z,23.586,37.954733,0,34820
2019-04-04T19:29:14.000Z,23.586,37.954733,0,34820
2019-04-04T19:35:13.000Z,23.586,37.95475,0,31370
2019-04-04T19:35:13.000Z,23.586,37.95475,0,31370
2019-04-04T19:35:13.000Z,23.586,37.95475,0,31370
2019-04-04T19:44:13.000Z,23.586,37.95475,0,14000
2019-04-04T19:44:13.000Z,23.586,37.95475,0,14000
2019-04-04T19:44:13.000Z,23.586,37.95475,0,14000
2019-04-04T19:50:09.000Z,23.586,37.95475,0,33000
2019-04-04T19:50:09.000Z,23.586,37.95475,0,33000
2019-04-04T19:50:09.000Z,23.586,37.95475,0,33000
2019-04-04T19:53:14.000Z,23.586,37.95475,0,17860
2019-04-04T19:53:14.000Z,23.586,37.95475,0,17860
2019-04-04T19:53:14.000Z,23.586,37.95475,0,17860
2019-04-04T19:56:08.000Z,23.586,37.95475,0,17700
2019-04-04T19:56:08.000Z,23.586,37.95475,0,17700
2019-04-04T19:56:08.000Z,23.586,37.95475,0,17700
2019-04-04T20:02:14.000Z,23.586,37.95475,0,7510
2019-04-04T20:02:14.000Z,23.586,37.95475,0,7510
2019-04-04T20:02:14.000Z,23.586,37.95475,0,7510
2019-04-04T20:05:08.000Z,23.586017,37.954733,0,11020
2019-04-04T20:05:08.000Z,23.586017,37.954733,0,11020
2019-04-04T20:05:08.000Z,23.586017,37.954733,0,11020
2019-04-04T20:11:13.000Z,23.58605,37.954717,0,24540
2019-04-04T20:11:13.000Z,23.58605,37.954717,0,24540
2019-04-04T20:11:13.000Z,23.58605,37.954717,0,24540
2019-04-04T20:17:14.000Z,23.586033,37.954717,0,14700
2019-04-04T20:17:14.000Z,23.586033,37.954717,0,14700
2019-04-04T20:17:14.000Z,23.586033,37.954717,0,14700
2019-04-04T20:20:08.000Z,23.586033,37.954717,0,27150
2019-04-04T20:20:08.000Z,23.586033,37.954717,0,27150
2019-04-04T20:20:08.000Z,23.586033,37.954717,0,27150
2019-04-04T20:23:15.000Z,23.586033,37.954717,0,28010
2019-04-04T20:23:15.000Z,23.586033,37.954717,0,28010
2019-04-04T20:23:15.000Z,23.586033,37.954717,0,28010
2019-04-04T20:32:12.000Z,23.586017,37.954733,0,32770
2019-04-04T20:32:12.000Z,23.586017,37.954733,0,32770
2019-04-04T20:32:12.000Z,23.586017,37.954733,0,32770
2019-04-04T20:35:13.000Z,23.586017,37.954733,0,26780
2019-04-04T20:35:13.000Z,23.586017,37.954733,0,26780
2019-04-04T20:35:13.000Z,23.586017,37.954733,0,26780
2019-04-04T20:41:13.000Z,23.586017,37.954733,0,24270
2019-04-04T20:41:13.000Z,23.586017,37.954733,0,24270
2019-04-04T20:41:13.000Z,23.586017,37.954733,0,24270
2019-04-04T20:47:15.000Z,23.586017,37.95475,0,23760
2019-04-04T20:47:15.000Z,23.586017,37.95475,0,23760
2019-04-04T20:47:15.000Z,23.586017,37.95475,0,23760
2019-04-04T20:56:09.000Z,23.586017,37.954733,0,13200
2019-04-04T20:56:09.000Z,23.586017,37.954733,0,13200
2019-04-04T20:56:09.000Z,23.586017,37.954733,0,13200
2019-04-04T20:59:11.000Z,23.586017,37.954733,0,23300
2019-04-04T20:59:11.000Z,23.586017,37.954733,0,23300
2019-04-04T20:59:11.000Z,23.586017,37.954733,0,23300
2019-04-04T21:05:12.000Z,23.586017,37.954733,0,17890
2019-04-04T21:05:12.000Z,23.586017,37.954733,0,17890
2019-04-04T21:05:12.000Z,23.586017,37.954733,0,17890
2019-04-04T21:08:08.000Z,23.586017,37.954733,0,23300
2019-04-04T21:08:08.000Z,23.586017,37.954733,0,23300
2019-04-04T21:08:08.000Z,23.586017,37.954733,0,23300
2019-04-04T21:14:12.000Z,23.586033,37.954733,0,31280
2019-04-04T21:14:12.000Z,23.586033,37.954733,0,31280
2019-04-04T21:14:12.000Z,23.586033,37.954733,0,31280
2019-04-04T21:17:13.000Z,23.586033,37.95475,0,7390
2019-04-04T21:17:13.000Z,23.586033,37.95475,0,7390
2019-04-04T21:17:13.000Z,23.586033,37.95475,0,7390
2019-04-04T21:20:08.000Z,23.586033,37.95475,0,27810
2019-04-04T21:20:08.000Z,23.586033,37.95475,0,27810
2019-04-04T21:20:08.000Z,23.586033,37.95475,0,27810
2019-04-04T21:23:13.000Z,23.586033,37.95475,0,33130
2019-04-04T21:23:13.000Z,23.586033,37.95475,0,33130
2019-04-04T21:23:13.000Z,23.586033,37.95475,0,33130
2019-04-04T21:32:13.000Z,23.586017,37.954733,0,13570
2019-04-04T21:32:13.000Z,23.586017,37.954733,0,13570
2019-04-04T21:32:13.000Z,23.586017,37.954733,0,13570
2019-04-04T21:35:08.000Z,23.586017,37.954733,0,27420
2019-04-04T21:35:08.000Z,23.586017,37.954733,0,27420
2019-04-04T21:35:08.000Z,23.586017,37.954733,0,27420
2019-04-04T21:41:12.000Z,23.586017,37.954733,0,10800
2019-04-04T21:41:12.000Z,23.586017,37.954733,0,10800
2019-04-04T21:41:12.000Z,23.586017,37.954733,0,10800
2019-04-04T21:44:14.000Z,23.586017,37.954733,0,32380
2019-04-04T21:44:14.000Z,23.586017,37.954733,0,32380
2019-04-04T21:44:14.000Z,23.586017,37.954733,0,32380
2019-04-04T21:50:13.000Z,23.586017,37.954733,0,14520
2019-04-04T21:50:13.000Z,23.586017,37.954733,0,14520
2019-04-04T21:50:13.000Z,23.586017,37.954733,0,14520
2019-04-04T21:56:08.000Z,23.586017,37.954733,0,3160
2019-04-04T21:56:08.000Z,23.586017,37.954733,0,3160
2019-04-04T21:56:08.000Z,23.586017,37.954733,0,3160
2019-04-04T21:59:08.000Z,23.586017,37.954733,0,18580
2019-04-04T21:59:08.000Z,23.586017,37.954733,0,18580
2019-04-04T21:59:08.000Z,23.586017,37.954733,0,18580
2019-04-04T22:02:09.000Z,23.586017,37.954733,0,20110
2019-04-04T22:02:09.000Z,23.586017,37.954733,0,20110
2019-04-04T22:02:09.000Z,23.586017,37.954733,0,20110
2019-04-04T22:08:12.000Z,23.586017,37.954733,0,18600
2019-04-04T22:08:12.000Z,23.586017,37.954733,0,18600
2019-04-04T22:08:12.000Z,23.586017,37.954733,0,18600
2019-04-04T22:11:13.000Z,23.586017,37.954733,0,15440
2019-04-04T22:11:13.000Z,23.586017,37.954733,0,15440
2019-04-04T22:11:13.000Z,23.586017,37.954733,0,15440
2019-04-04T22:17:12.000Z,23.586017,37.954733,0,25450
2019-04-04T22:17:12.000Z,23.586017,37.954733,0,25450
2019-04-04T22:17:12.000Z,23.586017,37.954733,0,25450
2019-04-04T22:23:09.000Z,23.586017,37.954733,0,28980
2019-04-04T22:23:09.000Z,23.586017,37.954733,0,28980
2019-04-04T22:23:09.000Z,23.586017,37.954733,0,28980
2019-04-04T22:29:13.000Z,23.586017,37.95475,0,18230
2019-04-04T22:29:13.000Z,23.586017,37.95475,0,18230
2019-04-04T22:29:13.000Z,23.586017,37.95475,0,18230
2019-04-04T22:32:14.000Z,23.586017,37.95475,0,15490
2019-04-04T22:32:14.000Z,23.586017,37.95475,0,15490
2019-04-04T22:32:14.000Z,23.586017,37.95475,0,15490
2019-04-04T22:38:13.000Z,23.586017,37.954733,0,21020
2019-04-04T22:38:13.000Z,23.586017,37.954733,0,21020
2019-04-04T22:38:13.000Z,23.586017,37.954733,0,21020
2019-04-04T22:44:13.000Z,23.586017,37.95475,0,11690
2019-04-04T22:44:13.000Z,23.586017,37.95475,0,11690
2019-04-04T22:44:13.000Z,23.586017,37.95475,0,11690
2019-04-04T22:50:12.000Z,23.586017,37.95475,0,8970
2019-04-04T22:50:12.000Z,23.586017,37.95475,0,8970
2019-04-04T22:50:12.000Z,23.586017,37.95475,0,8970
2019-04-04T22:53:13.000Z,23.586017,37.95475,0,33900
2019-04-04T22:53:13.000Z,23.586017,37.95475,0,33900
2019-04-04T22:53:13.000Z,23.586017,37.95475,0,33900
2019-04-04T22:56:14.000Z,23.586,37.95475,0,24720
2019-04-04T22:56:14.000Z,23.586,37.95475,0,24720
2019-04-04T22:56:14.000Z,23.586,37.95475,0,24720
2019-04-04T23:02:13.000Z,23.586017,37.95475,0,1190
2019-04-04T23:02:13.000Z,23.586017,37.95475,0,1190
2019-04-04T23:02:13.000Z,23.586017,37.95475,0,1190
2019-04-04T23:05:08.000Z,23.586017,37.95475,0,22890
2019-04-04T23:05:08.000Z,23.586017,37.95475,0,22890
2019-04-04T23:05:08.000Z,23.586017,37.95475,0,22890
2019-04-04T23:11:09.000Z,23.586017,37.95475,0,14010
2019-04-04T23:11:09.000Z,23.586017,37.95475,0,14010
2019-04-04T23:11:09.000Z,23.586017,37.95475,0,14010
2019-04-04T23:20:13.000Z,23.586,37.95475,0,5740
2019-04-04T23:20:13.000Z,23.586,37.95475,0,5740
2019-04-04T23:20:13.000Z,23.586,37.95475,0,5740
2019-04-04T23:26:14.000Z,23.586,37.95475,0,20600
2019-04-04T23:26:14.000Z,23.586,37.95475,0,20600
2019-04-04T23:26:14.000Z,23.586,37.95475,0,20600
2019-04-04T23:38:15.000Z,23.586017,37.95475,0,1900
2019-04-04T23:38:15.000Z,23.586017,37.95475,0,1900
2019-04-04T23:38:15.000Z,23.586017,37.95475,0,1900
2019-04-04T23:44:15.000Z,23.586,37.95475,0,4440
2019-04-04T23:44:15.000Z,23.586,37.95475,0,4440
2019-04-04T23:44:15.000Z,23.586,37.95475,0,4440
2019-04-04T23:50:08.000Z,23.586,37.95475,0,16730
2019-04-04T23:50:08.000Z,23.586,37.95475,0,16730
2019-04-04T23:50:08.000Z,23.586,37.95475,0,16730
2019-04-05T00:02:14.000Z,23.586033,37.95475,0,33450
2019-04-05T00:02:14.000Z,23.586033,37.95475,0,33450
2019-04-05T00:02:14.000Z,23.586033,37.95475,0,33450
2019-04-05T00:14:12.000Z,23.586,37.954783,0,13120
2019-04-05T00:14:12.000Z,23.586,37.954783,0,13120
2019-04-05T00:14:12.000Z,23.586,37.954783,0,13120
2019-04-05T00:20:12.000Z,23.586017,37.954767,0,27230
2019-04-05T00:20:12.000Z,23.586017,37.954767,0,27230
2019-04-05T00:20:12.000Z,23.586017,37.954767,0,27230
2019-04-05T00:23:16.000Z,23.586033,37.95475,0,12570
2019-04-05T00:23:16.000Z,23.586033,37.95475,0,12570
2019-04-05T00:23:16.000Z,23.586033,37.95475,0,12570
2019-04-05T00:29:08.000Z,23.586033,37.954767,0,22650
2019-04-05T00:29:08.000Z,23.586033,37.954767,0,22650
2019-04-05T00:29:08.000Z,23.586033,37.954767,0,22650
2019-04-05T00:35:13.000Z,23.585967,37.95475,0,27900
2019-04-05T00:35:13.000Z,23.585967,37.95475,0,27900
2019-04-05T00:35:13.000Z,23.585967,37.95475,0,27900
2019-04-05T00:44:11.000Z,23.586,37.954767,0,25660
2019-04-05T00:44:11.000Z,23.586,37.954767,0,25660
2019-04-05T00:44:11.000Z,23.586,37.954767,0,25660
2019-04-05T00:47:12.000Z,23.586017,37.954767,0,20360
2019-04-05T00:47:12.000Z,23.586017,37.954767,0,20360
2019-04-05T00:47:12.000Z,23.586017,37.954767,0,20360
2019-04-05T00:50:14.000Z,23.586033,37.954767,0,33440
2019-04-05T00:50:14.000Z,23.586033,37.954767,0,33440
2019-04-05T00:50:14.000Z,23.586033,37.954767,0,33440
2019-04-05T00:56:08.000Z,23.586,37.95475,0,16930
2019-04-05T00:56:08.000Z,23.586,37.95475,0,16930
2019-04-05T00:56:08.000Z,23.586,37.95475,0,16930
2019-04-05T01:02:08.000Z,23.586017,37.95475,0,19150
2019-04-05T01:02:08.000Z,23.586017,37.95475,0,19150
2019-04-05T01:02:08.000Z,23.586017,37.95475,0,19150
2019-04-05T01:05:09.000Z,23.586017,37.95475,0,14620
2019-04-05T01:05:09.000Z,23.586017,37.95475,0,14620
2019-04-05T01:05:09.000Z,23.586017,37.95475,0,14620
2019-04-05T01:14:10.000Z,23.586017,37.95475,0,17090
2019-04-05T01:14:10.000Z,23.586017,37.95475,0,17090
2019-04-05T01:14:10.000Z,23.586017,37.95475,0,17090
2019-04-05T01:29:15.000Z,23.586,37.95475,0,34400
2019-04-05T01:29:15.000Z,23.586,37.95475,0,34400
2019-04-05T01:29:15.000Z,23.586,37.95475,0,34400
2019-04-05T01:32:09.000Z,23.586,37.954733,0,31260
2019-04-05T01:32:09.000Z,23.586,37.954733,0,31260
2019-04-05T01:32:09.000Z,23.586,37.954733,0,31260
2019-04-05T01:35:13.000Z,23.586,37.95475,0,14780
2019-04-05T01:35:13.000Z,23.586,37.95475,0,14780
2019-04-05T01:35:13.000Z,23.586,37.95475,0,14780
2019-04-05T01:44:12.000Z,23.586,37.954733,0,30910
2019-04-05T01:44:12.000Z,23.586,37.954733,0,30910
2019-04-05T01:44:12.000Z,23.586,37.954733,0,30910
2019-04-05T01:50:14.000Z,23.586,37.95475,0,3250
2019-04-05T01:50:14.000Z,23.586,37.95475,0,3250
2019-04-05T01:50:14.000Z,23.586,37.95475,0,3250
2019-04-05T01:56:09.000Z,23.586,37.954733,0,6660
2019-04-05T01:56:09.000Z,23.586,37.954733,0,6660
2019-04-05T01:56:09.000Z,23.586,37.954733,0,6660
2019-04-05T02:05:15.000Z,23.586,37.95475,0,28000
2019-04-05T02:05:15.000Z,23.586,37.95475,0,28000
2019-04-05T02:05:15.000Z,23.586,37.95475,0,28000
2019-04-05T02:11:15.000Z,23.586,37.95475,0,22800
2019-04-05T02:11:15.000Z,23.586,37.95475,0,22800
2019-04-05T02:11:15.000Z,23.586,37.95475,0,22800
2019-04-05T02:17:09.000Z,23.586,37.95475,0,22980
2019-04-05T02:17:09.000Z,23.586,37.95475,0,22980
2019-04-05T02:17:09.000Z,23.586,37.95475,0,22980
2019-04-05T02:26:14.000Z,23.586,37.954717,0,2000
2019-04-05T02:26:14.000Z,23.586,37.954717,0,2000
2019-04-05T02:26:14.000Z,23.586,37.954717,0,2000
2019-04-05T02:32:09.000Z,23.586,37.954683,0,7650
2019-04-05T02:32:09.000Z,23.586,37.954683,0,7650
2019-04-05T02:32:09.000Z,23.586,37.954683,0,7650
2019-04-05T02:41:14.000Z,23.586033,37.954733,0,34700
2019-04-05T02:41:14.000Z,23.586033,37.954733,0,34700
2019-04-05T02:41:14.000Z,23.586033,37.954733,0,34700
2019-04-05T02:44:10.000Z,23.586033,37.95475,0,30580
2019-04-05T02:44:10.000Z,23.586033,37.95475,0,30580
2019-04-05T02:44:10.000Z,23.586033,37.95475,0,30580
2019-04-05T02:53:13.000Z,23.586,37.954717,0,8740
2019-04-05T02:53:13.000Z,23.586,37.954717,0,8740
2019-04-05T02:53:13.000Z,23.586,37.954717,0,8740
2019-04-05T02:59:11.000Z,23.586,37.95475,0,27250
2019-04-05T02:59:11.000Z,23.586,37.95475,0,27250
2019-04-05T02:59:11.000Z,23.586,37.95475,0,27250
2019-04-05T03:05:12.000Z,23.586017,37.954767,0,25830
2019-04-05T03:05:12.000Z,23.586017,37.954767,0,25830
2019-04-05T03:05:12.000Z,23.586017,37.954767,0,25830
2019-04-05T03:08:13.000Z,23.586017,37.954767,0,7100
2019-04-05T03:08:13.000Z,23.586017,37.954767,0,7100
2019-04-05T03:08:13.000Z,23.586017,37.954767,0,7100
2019-04-05T03:20:12.000Z,23.586017,37.954767,0,22510
2019-04-05T03:20:12.000Z,23.586017,37.954767,0,22510
2019-04-05T03:20:12.000Z,23.586017,37.954767,0,22510
2019-04-05T03:23:13.000Z,23.586017,37.95475,0,16260
2019-04-05T03:23:13.000Z,23.586017,37.95475,0,16260
2019-04-05T03:23:13.000Z,23.586017,37.95475,0,16260
2019-04-05T03:32:14.000Z,23.586017,37.95475,0,8770
2019-04-05T03:32:14.000Z,23.586017,37.95475,0,8770
2019-04-05T03:32:14.000Z,23.586017,37.95475,0,8770
2019-04-05T03:38:13.000Z,23.586,37.95475,0,33480
2019-04-05T03:38:13.000Z,23.586,37.95475,0,33480
2019-04-05T03:38:13.000Z,23.586,37.95475,0,33480
2019-04-05T03:44:13.000Z,23.586017,37.954733,0,26240
2019-04-05T03:44:13.000Z,23.586017,37.954733,0,26240
2019-04-05T03:44:13.000Z,23.586017,37.954733,0,26240
2019-04-05T03:47:14.000Z,23.586017,37.954733,0,22520
2019-04-05T03:47:14.000Z,23.586017,37.954733,0,22520
2019-04-05T03:47:14.000Z,23.586017,37.954733,0,22520
2019-04-05T03:53:10.000Z,23.586,37.95475,0,2220
2019-04-05T03:53:10.000Z,23.586,37.95475,0,2220
2019-04-05T03:53:10.000Z,23.586,37.95475,0,2220
2019-04-05T03:56:14.000Z,23.586,37.95475,0,27540
2019-04-05T03:56:14.000Z,23.586,37.95475,0,27540
2019-04-05T03:56:14.000Z,23.586,37.95475,0,27540
2019-04-05T04:05:18.000Z,23.586017,37.954733,0,19560
2019-04-05T04:05:18.000Z,23.586017,37.954733,0,19560
2019-04-05T04:05:18.000Z,23.586017,37.954733,0,19560
2019-04-05T04:14:15.000Z,23.586,37.95475,0,20270
2019-04-05T04:14:15.000Z,23.586,37.95475,0,20270
2019-04-05T04:14:15.000Z,23.586,37.95475,0,20270
2019-04-05T04:20:14.000Z,23.586017,37.954733,0,31190
2019-04-05T04:20:14.000Z,23.586017,37.954733,0,31190
2019-04-05T04:20:14.000Z,23.586017,37.954733,0,31190
2019-04-05T04:26:08.000Z,23.586017,37.954733,0,28780
2019-04-05T04:26:08.000Z,23.586017,37.954733,0,28780
2019-04-05T04:26:08.000Z,23.586017,37.954733,0,28780
2019-04-05T04:29:09.000Z,23.586017,37.954733,0,33970
2019-04-05T04:29:09.000Z,23.586017,37.954733,0,33970
2019-04-05T04:29:09.000Z,23.586017,37.954733,0,33970
2019-04-05T04:35:14.000Z,23.586,37.95475,0,1110
2019-04-05T04:35:14.000Z,23.586,37.95475,0,1110
2019-04-05T04:35:14.000Z,23.586,37.95475,0,1110
2019-04-05T04:41:08.000Z,23.586017,37.954733,0,32820
2019-04-05T04:41:08.000Z,23.586017,37.954733,0,32820
2019-04-05T04:41:08.000Z,23.586017,37.954733,0,32820
2019-04-05T04:45:49.000Z,23.586017,37.954733,0,32330
2019-04-05T04:45:49.000Z,23.586017,37.954733,0,32330
2019-04-05T04:45:49.000Z,23.586017,37.954733,0,32330
2019-04-05T04:53:20.000Z,23.5867,37.953283,3,16150
2019-04-05T04:53:20.000Z,23.5867,37.953283,3,16150
2019-04-05T04:53:20.000Z,23.5867,37.953283,3,16150
2019-04-05T04:57:32.000Z,23.5865,37.950767,2,20320
2019-04-05T04:57:32.000Z,23.5865,37.950767,2,20320
2019-04-05T04:57:32.000Z,23.5865,37.950767,2,20320
2019-04-05T05:01:50.000Z,23.587333,37.950083,4,10450
2019-04-05T05:01:50.000Z,23.587333,37.950083,4,10450
2019-04-05T05:01:50.000Z,23.587333,37.950083,4,10450
2019-04-05T05:04:51.000Z,23.59155,37.94895,10,11310
2019-04-05T05:04:51.000Z,23.59155,37.94895,10,11310
2019-04-05T05:04:51.000Z,23.59155,37.94895,10,11310
2019-04-05T05:10:07.000Z,23.600167000000006,37.94355,9,14550
2019-04-05T05:10:07.000Z,23.600167000000006,37.94355,9,14550
2019-04-05T05:10:07.000Z,23.600167000000006,37.94355,9,14550
2019-04-05T05:13:19.000Z,23.60275,37.939767,7,15580
2019-04-05T05:13:19.000Z,23.60275,37.939767,7,15580
2019-04-05T05:13:19.000Z,23.60275,37.939767,7,15580
2019-04-05T05:15:29.000Z,23.603917000000006,37.93755,8,15930
2019-04-05T05:15:29.000Z,23.603917000000006,37.93755,8,15930
2019-04-05T05:15:29.000Z,23.603917000000006,37.93755,8,15930
2019-04-05T05:21:41.000Z,23.608033,37.9254,19,17610
2019-04-05T05:21:41.000Z,23.608033,37.9254,19,17610
2019-04-05T05:21:41.000Z,23.608033,37.9254,19,17610
2019-04-05T05:26:03.000Z,23.608933,37.909433,29,17760
2019-04-05T05:26:03.000Z,23.608933,37.909433,29,17760
2019-04-05T05:26:03.000Z,23.608933,37.909433,29,17760
2019-04-05T05:30:12.000Z,23.608867,37.88935,33,18070
2019-04-05T05:30:12.000Z,23.608867,37.88935,33,18070
2019-04-05T05:30:12.000Z,23.608867,37.88935,33,18070
2019-04-05T05:33:19.000Z,23.608433,37.872817,34,17940
2019-04-05T05:33:19.000Z,23.608433,37.872817,34,17940
2019-04-05T05:33:19.000Z,23.608433,37.872817,34,17940
2019-04-05T05:36:23.000Z,23.611533,37.85765,34,16940
2019-04-05T05:36:23.000Z,23.611533,37.85765,34,16940
2019-04-05T05:36:23.000Z,23.611533,37.85765,34,16940
2019-04-05T05:40:44.000Z,23.61705,37.835083,34,16480
2019-04-05T05:40:44.000Z,23.61705,37.835083,34,16480
2019-04-05T05:40:44.000Z,23.61705,37.835083,34,16480
2019-04-05T05:44:51.000Z,23.625483,37.8149,34,15810
2019-04-05T05:44:51.000Z,23.625483,37.8149,34,15810
2019-04-05T05:44:51.000Z,23.625483,37.8149,34,15810
2019-04-05T05:49:59.000Z,23.638233,37.790117,35,15750
2019-04-05T05:49:59.000Z,23.638233,37.790117,35,15750
2019-04-05T05:49:59.000Z,23.638233,37.790117,35,15750
2019-04-05T05:54:10.000Z,23.64915,37.769683,35,15660
2019-04-05T05:54:10.000Z,23.64915,37.769683,35,15660
2019-04-05T05:54:10.000Z,23.64915,37.769683,35,15660
2019-04-05T05:56:14.000Z,23.654617,37.75955,35,15680
2019-04-05T05:56:14.000Z,23.654617,37.75955,35,15680
2019-04-05T05:56:14.000Z,23.654617,37.75955,35,15680
2019-04-05T06:01:28.000Z,23.66805,37.733967,35,15770
2019-04-05T06:01:28.000Z,23.66805,37.733967,35,15770
2019-04-05T06:01:28.000Z,23.66805,37.733967,35,15770
2019-04-05T06:02:32.000Z,23.671067,37.7286,35,15570
2019-04-05T06:02:32.000Z,23.671067,37.7286,35,15570
2019-04-05T06:02:32.000Z,23.671067,37.7286,35,15570
2019-04-05T06:09:50.000Z,23.691533,37.693233,35,15490
2019-04-05T06:09:50.000Z,23.691533,37.693233,35,15490
2019-04-05T06:09:50.000Z,23.691533,37.693233,35,15490
2019-04-05T06:13:59.000Z,23.703383,37.67355,35,15390
2019-04-05T06:13:59.000Z,23.703383,37.67355,35,15390
2019-04-05T06:13:59.000Z,23.703383,37.67355,35,15390
2019-04-05T06:17:11.000Z,23.712917,37.65825,35,15320
2019-04-05T06:17:11.000Z,23.712917,37.65825,35,15320
2019-04-05T06:17:11.000Z,23.712917,37.65825,35,15320
2019-04-05T06:19:10.000Z,23.71895,37.648733,35,15320
2019-04-05T06:19:10.000Z,23.71895,37.648733,35,15320
2019-04-05T06:19:10.000Z,23.71895,37.648733,35,15320
2019-04-05T06:24:35.000Z,23.741467,37.6271,35,13550
2019-04-05T06:24:35.000Z,23.741467,37.6271,35,13550
2019-04-05T06:24:35.000Z,23.741467,37.6271,35,13550
2019-04-05T06:33:50.000Z,23.7925,37.6014,34,11070
2019-04-05T06:33:50.000Z,23.7925,37.6014,34,11070
2019-04-05T06:33:50.000Z,23.7925,37.6014,34,11070
2019-04-05T06:38:00.000Z,23.817733,37.594133,34,10520
2019-04-05T06:38:00.000Z,23.817733,37.594133,34,10520
2019-04-05T06:38:00.000Z,23.817733,37.594133,34,10520
2019-04-05T06:40:06.000Z,23.831117000000006,37.5921,34,10030
2019-04-05T06:40:06.000Z,23.831117000000006,37.5921,34,10030
2019-04-05T06:40:06.000Z,23.831117000000006,37.5921,34,10030
2019-04-05T06:45:28.000Z,23.866267,37.588017,34,9320
2019-04-05T06:45:28.000Z,23.866267,37.588017,34,9320
2019-04-05T06:45:28.000Z,23.866267,37.588017,34,9320
2019-04-05T06:49:02.000Z,23.8893,37.587917,35,9020
2019-04-05T06:49:02.000Z,23.8893,37.587917,35,9020
2019-04-05T06:49:02.000Z,23.8893,37.587917,35,9020
2019-04-05T06:53:09.000Z,23.917417,37.587717,35,9110
2019-04-05T06:53:09.000Z,23.917417,37.587717,35,9110
2019-04-05T06:53:09.000Z,23.917417,37.587717,35,9110
2019-04-05T06:57:35.000Z,23.9472,37.5867,35,9430
2019-04-05T06:57:35.000Z,23.9472,37.5867,35,9430
2019-04-05T06:57:35.000Z,23.9472,37.5867,35,9430
2019-04-05T07:01:01.000Z,23.970717,37.584967,35,9540
2019-04-05T07:01:01.000Z,23.970717,37.584967,35,9540
2019-04-05T07:01:01.000Z,23.970717,37.584967,35,9540
2019-04-05T07:03:27.000Z,23.986683,37.583783,35,9500
2019-04-05T07:03:27.000Z,23.986683,37.583783,35,9500
2019-04-05T07:03:27.000Z,23.986683,37.583783,35,9500
2019-04-05T07:08:47.000Z,24.021617000000006,37.583517,35,8790
2019-04-05T07:08:47.000Z,24.021617000000006,37.583517,35,8790
2019-04-05T07:08:47.000Z,24.021617000000006,37.583517,35,8790
2019-04-05T07:56:06.000Z,24.25285,37.716467,33,5140
2019-04-05T07:56:06.000Z,24.25285,37.716467,33,5140
2019-04-05T07:56:06.000Z,24.25285,37.716467,33,5140
2019-04-05T08:08:52.000Z,24.3204,37.75245,33,5850
2019-04-05T08:08:52.000Z,24.3204,37.75245,33,5850
2019-04-05T08:08:52.000Z,24.3204,37.75245,33,5850
2019-04-05T08:23:30.000Z,24.399667,37.792117,33,5630
2019-04-05T08:23:30.000Z,24.399667,37.792117,33,5630
2019-04-05T08:23:30.000Z,24.399667,37.792117,33,5630
2019-04-05T08:27:37.000Z,24.4216,37.80365,34,5830
2019-04-05T08:27:37.000Z,24.4216,37.80365,34,5830
2019-04-05T08:27:37.000Z,24.4216,37.80365,34,5830
2019-04-05T08:31:27.000Z,24.442833,37.8131,33,6270
2019-04-05T08:31:27.000Z,24.442833,37.8131,33,6270
2019-04-05T08:31:27.000Z,24.442833,37.8131,33,6270
2019-04-05T08:33:13.000Z,24.453083,37.8173,33,6200
2019-04-05T08:33:13.000Z,24.453083,37.8173,33,6200
2019-04-05T08:33:13.000Z,24.453083,37.8173,33,6200
2019-04-05T08:39:12.000Z,24.485183,37.833533,33,5470
2019-04-05T08:39:12.000Z,24.485183,37.833533,33,5470
2019-04-05T08:39:12.000Z,24.485183,37.833533,33,5470
2019-04-05T08:47:54.000Z,24.53025,37.858933,33,5520
2019-04-05T08:47:54.000Z,24.53025,37.858933,33,5520
2019-04-05T08:47:54.000Z,24.53025,37.858933,33,5520
2019-04-05T08:52:48.000Z,24.5559,37.873317,33,5210
2019-04-05T08:52:48.000Z,24.5559,37.873317,33,5210
2019-04-05T08:52:48.000Z,24.5559,37.873317,33,5210
2019-04-05T09:02:41.000Z,24.595717,37.911217,34,3050
2019-04-05T09:02:41.000Z,24.595717,37.911217,34,3050
2019-04-05T09:02:41.000Z,24.595717,37.911217,34,3050
2019-04-05T09:38:36.000Z,24.64915,37.9867,34,2800
2019-04-05T09:38:36.000Z,24.64915,37.9867,34,2800
2019-04-05T09:38:36.000Z,24.64915,37.9867,34,2800
2019-04-05T15:23:29.000Z,25.68565,39.593267,22,2880
2019-04-05T15:23:29.000Z,25.68565,39.593267,22,2880
2019-04-05T15:23:29.000Z,25.68565,39.593267,22,2880
2019-04-05T15:25:29.000Z,25.68985,39.59915,22,2860
2019-04-05T15:25:29.000Z,25.68985,39.59915,22,2860
2019-04-05T15:25:29.000Z,25.68985,39.59915,22,2860
2019-04-05T15:28:42.000Z,25.6962,39.60843300000001,22,2780
2019-04-05T15:28:42.000Z,25.6962,39.60843300000001,22,2780
2019-04-05T15:28:42.000Z,25.6962,39.60843300000001,22,2780
2019-04-05T16:26:54.000Z,25.8161,39.773683,21,2300
2019-04-05T16:26:54.000Z,25.8161,39.773683,21,2300
2019-04-05T16:26:54.000Z,25.8161,39.773683,21,2300
2019-04-05T16:28:13.000Z,25.818317,39.77765,21,2330
2019-04-05T16:28:13.000Z,25.818317,39.77765,21,2330
2019-04-05T16:28:13.000Z,25.818317,39.77765,21,2330
2019-04-05T16:39:52.000Z,25.8362,39.812617,21,2260
2019-04-05T16:39:52.000Z,25.8362,39.812617,21,2260
2019-04-05T16:39:52.000Z,25.8362,39.812617,21,2260
2019-04-05T16:47:15.000Z,25.84875,39.8338,20,2720
2019-04-05T16:47:15.000Z,25.84875,39.8338,20,2720
2019-04-05T16:47:15.000Z,25.84875,39.8338,20,2720
2019-04-05T17:22:33.000Z,25.890917,39.890683,6,2990
2019-04-05T17:22:33.000Z,25.890917,39.890683,6,2990
2019-04-05T17:22:33.000Z,25.890917,39.890683,6,2990
2019-04-05T17:26:14.000Z,25.892967,39.893467,5,3000
2019-04-05T17:26:14.000Z,25.892967,39.893467,5,3000
2019-04-05T17:26:14.000Z,25.892967,39.893467,5,3000
2019-04-05T17:27:24.000Z,25.89355,39.894267,5,2960
2019-04-05T17:27:24.000Z,25.89355,39.894267,5,2960
2019-04-05T17:27:24.000Z,25.89355,39.894267,5,2960
2019-04-05T19:26:26.000Z,25.960467,39.9515,25,5780
2019-04-05T19:26:26.000Z,25.960467,39.9515,25,5780
2019-04-05T19:26:26.000Z,25.960467,39.9515,25,5780
2019-04-05T19:29:49.000Z,25.974467,39.95825,23,5770
2019-04-05T19:29:49.000Z,25.974467,39.95825,23,5770
2019-04-05T19:29:49.000Z,25.974467,39.95825,23,5770
2019-04-05T22:37:21.000Z,26.508917,40.24985,27,4890
2019-04-05T22:37:21.000Z,26.508917,40.24985,27,4890
2019-04-05T22:37:21.000Z,26.508917,40.24985,27,4890
2019-04-06T00:24:36.000Z,26.94645,40.497367,35,6430
2019-04-06T00:24:36.000Z,26.94645,40.497367,35,6430
2019-04-06T00:24:36.000Z,26.94645,40.497367,35,6430
2019-04-06T00:33:12.000Z,27.001733,40.516483,35,6880
2019-04-06T00:33:12.000Z,27.001733,40.516483,35,6880
2019-04-06T00:33:12.000Z,27.001733,40.516483,35,6880
2019-04-06T01:14:00.000Z,27.268083,40.59995,36,6480
2019-04-06T01:14:00.000Z,27.268083,40.59995,36,6480
2019-04-06T01:14:00.000Z,27.268083,40.59995,36,6480
2019-04-06T01:22:00.000Z,27.319067,40.61925,36,6300
2019-04-06T01:22:00.000Z,27.319067,40.61925,36,6300
2019-04-06T01:22:00.000Z,27.319067,40.61925,36,6300
2019-04-06T02:17:47.000Z,27.683533,40.732617,35,8040
2019-04-06T02:17:47.000Z,27.683533,40.732617,35,8040
2019-04-06T02:17:47.000Z,27.683533,40.732617,35,8040
2019-04-06T02:28:00.000Z,27.7549,40.741717,35,8110
2019-04-06T02:28:00.000Z,27.7549,40.741717,35,8110
2019-04-06T02:28:00.000Z,27.7549,40.741717,35,8110
2019-04-06T02:31:12.000Z,27.777217,40.7444,35,8060
2019-04-06T02:31:12.000Z,27.777217,40.7444,35,8060
2019-04-06T02:31:12.000Z,27.777217,40.7444,35,8060
2019-04-06T02:45:12.000Z,27.875417,40.754817,36,8240
2019-04-06T02:45:12.000Z,27.875417,40.754817,36,8240
2019-04-06T02:45:12.000Z,27.875417,40.754817,36,8240
2019-04-06T03:00:00.000Z,27.981083,40.7656,36,8180
2019-04-06T03:00:00.000Z,27.981083,40.7656,36,8180
2019-04-06T03:00:00.000Z,27.981083,40.7656,36,8180
2019-04-06T03:05:12.000Z,28.018017,40.769517,36,8160
2019-04-06T03:05:12.000Z,28.018017,40.769517,36,8160
2019-04-06T03:05:12.000Z,28.018017,40.769517,36,8160
2019-04-06T03:18:00.000Z,28.10865,40.77995,36,8000
2019-04-06T03:18:00.000Z,28.10865,40.77995,36,8000
2019-04-06T03:18:00.000Z,28.10865,40.77995,36,8000
2019-04-06T03:31:00.000Z,28.201133,40.791617,36,8070
2019-04-06T03:31:00.000Z,28.201133,40.791617,36,8070
2019-04-06T03:31:00.000Z,28.201133,40.791617,36,8070
2019-04-06T03:53:36.000Z,28.349867,40.80955,27,8130
2019-04-06T03:53:36.000Z,28.349867,40.80955,27,8130
2019-04-06T03:53:36.000Z,28.349867,40.80955,27,8130
2019-04-06T06:37:00.000Z,28.68355,40.9644,1,35350
2019-04-06T06:37:00.000Z,28.68355,40.9644,1,35350
2019-04-06T06:37:00.000Z,28.68355,40.9644,1,35350
2019-04-06T06:39:30.000Z,28.683533,40.964817,1,640
2019-04-06T06:39:30.000Z,28.683533,40.964817,1,640
2019-04-06T06:39:30.000Z,28.683533,40.964817,1,640
2019-04-06T06:44:10.000Z,28.6836,40.965033,0,34760
2019-04-06T06:44:10.000Z,28.6836,40.965033,0,34760
2019-04-06T06:44:10.000Z,28.6836,40.965033,0,34760
2019-04-06T07:44:05.000Z,28.683633,40.96505,0,8310
2019-04-06T07:44:05.000Z,28.683633,40.96505,0,8310
2019-04-06T07:44:05.000Z,28.683633,40.96505,0,8310
2019-04-06T08:26:04.000Z,28.683633,40.965083,0,22990
2019-04-06T08:26:04.000Z,28.683633,40.965083,0,22990
2019-04-06T08:26:04.000Z,28.683633,40.965083,0,22990
2019-04-06T09:11:03.000Z,28.683633,40.965083,0,33160
2019-04-06T09:11:03.000Z,28.683633,40.965083,0,33160
2019-04-06T09:11:03.000Z,28.683633,40.965083,0,33160
2019-04-06T09:26:03.000Z,28.683633,40.965083,0,20860
2019-04-06T09:26:03.000Z,28.683633,40.965083,0,20860
2019-04-06T09:26:03.000Z,28.683633,40.965083,0,20860
2019-04-06T09:56:04.000Z,28.683633,40.965033,0,7690
2019-04-06T09:56:04.000Z,28.683633,40.965033,0,7690
2019-04-06T09:56:04.000Z,28.683633,40.965033,0,7690
2019-04-06T10:08:05.000Z,28.683633,40.965083,0,26490
2019-04-06T10:08:05.000Z,28.683633,40.965083,0,26490
2019-04-06T10:08:05.000Z,28.683633,40.965083,0,26490
2019-04-06T10:38:03.000Z,28.683633,40.965067,0,26340
2019-04-06T10:38:03.000Z,28.683633,40.965067,0,26340
2019-04-06T10:38:03.000Z,28.683633,40.965067,0,26340
2019-04-06T10:44:05.000Z,28.683633,40.965083,0,5640
2019-04-06T10:44:05.000Z,28.683633,40.965083,0,5640
2019-04-06T10:44:05.000Z,28.683633,40.965083,0,5640
2019-04-06T10:50:05.000Z,28.683633,40.965067,0,15370
2019-04-06T10:50:05.000Z,28.683633,40.965067,0,15370
2019-04-06T10:50:05.000Z,28.683633,40.965067,0,15370
2019-04-06T11:08:03.000Z,28.683633,40.965067,0,20840
2019-04-06T11:08:03.000Z,28.683633,40.965067,0,20840
2019-04-06T11:08:03.000Z,28.683633,40.965067,0,20840
2019-04-06T12:14:04.000Z,28.683617,40.965067,0,14540
2019-04-06T12:14:04.000Z,28.683617,40.965067,0,14540
2019-04-06T12:14:04.000Z,28.683617,40.965067,0,14540
2019-04-06T12:44:03.000Z,28.683617,40.9651,0,28840
2019-04-06T12:44:03.000Z,28.683617,40.9651,0,28840
2019-04-06T12:44:03.000Z,28.683617,40.9651,0,28840
2019-04-06T14:14:05.000Z,28.683633,40.96505,0,17890
2019-04-06T14:14:05.000Z,28.683633,40.96505,0,17890
2019-04-06T14:14:05.000Z,28.683633,40.96505,0,17890
2019-04-06T15:26:03.000Z,28.6836,40.965067,0,3630
2019-04-06T15:26:03.000Z,28.6836,40.965067,0,3630
2019-04-06T15:26:03.000Z,28.6836,40.965067,0,3630
2019-04-06T15:38:03.000Z,28.6836,40.965067,0,16800
2019-04-06T15:38:03.000Z,28.6836,40.965067,0,16800
2019-04-06T15:38:03.000Z,28.6836,40.965067,0,16800
2019-04-06T16:26:04.000Z,28.6836,40.965067,0,21760
2019-04-06T16:26:04.000Z,28.6836,40.965067,0,21760
2019-04-06T16:26:04.000Z,28.6836,40.965067,0,21760
2019-04-07T00:37:10.000Z,28.659767,40.705867,1,24580
2019-04-07T00:37:10.000Z,28.659767,40.705867,1,24580
2019-04-07T00:37:10.000Z,28.659767,40.705867,1,24580
2019-04-07T00:47:50.000Z,28.65745,40.704733,1,23300
2019-04-07T00:47:50.000Z,28.65745,40.704733,1,23300
2019-04-07T00:47:50.000Z,28.65745,40.704733,1,23300
2019-04-07T00:55:41.000Z,28.6559,40.7039,1,23480
2019-04-07T00:55:41.000Z,28.6559,40.7039,1,23480
2019-04-07T00:55:41.000Z,28.6559,40.7039,1,23480
2019-04-07T01:06:11.000Z,28.65395,40.702867,1,23970
2019-04-07T01:06:11.000Z,28.65395,40.702867,1,23970
2019-04-07T01:06:11.000Z,28.65395,40.702867,1,23970
2019-04-07T01:38:01.000Z,28.647567,40.700133,1,25040
2019-04-07T01:38:01.000Z,28.647567,40.700133,1,25040
2019-04-07T01:38:01.000Z,28.647567,40.700133,1,25040
2019-04-07T01:57:51.000Z,28.643433,40.699167,0,25750
2019-04-07T01:57:51.000Z,28.643433,40.699167,0,25750
2019-04-07T01:57:51.000Z,28.643433,40.699167,0,25750
2019-04-07T03:02:31.000Z,28.63395,40.69745,0,27080
2019-04-07T03:02:31.000Z,28.63395,40.69745,0,27080
2019-04-07T03:02:31.000Z,28.63395,40.69745,0,27080
2019-04-07T03:10:10.000Z,28.632833,40.697283,0,26670
2019-04-07T03:10:10.000Z,28.632833,40.697283,0,26670
2019-04-07T03:10:10.000Z,28.632833,40.697283,0,26670
2019-04-07T03:19:11.000Z,28.63145,40.697233,0,25870
2019-04-07T03:19:11.000Z,28.63145,40.697233,0,25870
2019-04-07T03:19:11.000Z,28.63145,40.697233,0,25870
2019-04-07T03:27:31.000Z,28.630283,40.697283,0,27250
2019-04-07T03:27:31.000Z,28.630283,40.697283,0,27250
2019-04-07T03:27:31.000Z,28.630283,40.697283,0,27250
2019-04-07T03:39:00.000Z,28.62885,40.697417,0,27430
2019-04-07T03:39:00.000Z,28.62885,40.697417,0,27430
2019-04-07T03:39:00.000Z,28.62885,40.697417,0,27430
2019-04-07T03:48:12.000Z,28.627833000000006,40.69755,0,29370
2019-04-07T03:48:12.000Z,28.627833000000006,40.69755,0,29370
2019-04-07T03:48:12.000Z,28.627833000000006,40.69755,0,29370
2019-04-07T04:01:21.000Z,28.626683,40.69768300000001,0,27400
2019-04-07T04:01:21.000Z,28.626683,40.69768300000001,0,27400
2019-04-07T04:01:21.000Z,28.626683,40.69768300000001,0,27400
2019-04-07T04:17:01.000Z,28.625283000000003,40.697817,0,28640
2019-04-07T04:17:01.000Z,28.625283000000003,40.697817,0,28640
2019-04-07T04:17:01.000Z,28.625283000000003,40.697817,0,28640
2019-04-07T04:21:31.000Z,28.624917,40.6979,0,28300
2019-04-07T04:21:31.000Z,28.624917,40.6979,0,28300
2019-04-07T04:21:31.000Z,28.624917,40.6979,0,28300
2019-04-07T04:24:51.000Z,28.624683,40.697967,0,28440
2019-04-07T04:24:51.000Z,28.624683,40.697967,0,28440
2019-04-07T04:24:51.000Z,28.624683,40.697967,0,28440
2019-04-07T04:34:31.000Z,28.624033,40.69815,0,28740
2019-04-07T04:34:31.000Z,28.624033,40.69815,0,28740
2019-04-07T04:34:31.000Z,28.624033,40.69815,0,28740
2019-04-07T04:37:51.000Z,28.623833,40.6982,0,28760
2019-04-07T04:37:51.000Z,28.623833,40.6982,0,28760
2019-04-07T04:37:51.000Z,28.623833,40.6982,0,28760
2019-04-07T04:47:31.000Z,28.6234,40.69835,0,28510
2019-04-07T04:47:31.000Z,28.6234,40.69835,0,28510
2019-04-07T04:47:31.000Z,28.6234,40.69835,0,28510
2019-04-07T04:50:50.000Z,28.623233000000006,40.6984,0,28050
2019-04-07T04:50:50.000Z,28.623233000000006,40.6984,0,28050
2019-04-07T04:50:50.000Z,28.623233000000006,40.6984,0,28050
2019-04-07T04:53:51.000Z,28.6231,40.698417,0,29800
2019-04-07T04:53:51.000Z,28.6231,40.698417,0,29800
2019-04-07T04:53:51.000Z,28.6231,40.698417,0,29800
2019-04-07T04:58:31.000Z,28.62295,40.698433,0,24770
2019-04-07T04:58:31.000Z,28.62295,40.698433,0,24770
2019-04-07T04:58:31.000Z,28.62295,40.698433,0,24770
2019-04-07T05:05:31.000Z,28.622767,40.698433,0,21590
2019-04-07T05:05:31.000Z,28.622767,40.698433,0,21590
2019-04-07T05:05:31.000Z,28.622767,40.698433,0,21590
2019-04-07T05:09:11.000Z,28.62265,40.698433,0,23180
2019-04-07T05:09:11.000Z,28.62265,40.698433,0,23180
2019-04-07T05:09:11.000Z,28.62265,40.698433,0,23180
2019-04-07T05:12:32.000Z,28.622583,40.698433,0,33170
2019-04-07T05:12:32.000Z,28.622583,40.698433,0,33170
2019-04-07T05:12:32.000Z,28.622583,40.698433,0,33170
2019-04-07T05:15:52.000Z,28.622517,40.698433,0,22330
2019-04-07T05:15:52.000Z,28.622517,40.698433,0,22330
2019-04-07T05:15:52.000Z,28.622517,40.698433,0,22330
2019-04-07T05:19:10.000Z,28.62245,40.69845,0,31000
2019-04-07T05:19:10.000Z,28.62245,40.69845,0,31000
2019-04-07T05:19:10.000Z,28.62245,40.69845,0,31000
2019-04-07T05:22:50.000Z,28.6224,40.698467,0,1590
2019-04-07T05:22:50.000Z,28.6224,40.698467,0,1590
2019-04-07T05:22:50.000Z,28.6224,40.698467,0,1590
2019-04-07T05:26:50.000Z,28.622317,40.698483,0,23780
2019-04-07T05:26:50.000Z,28.622317,40.698483,0,23780
2019-04-07T05:26:50.000Z,28.622317,40.698483,0,23780
2019-04-07T05:33:30.000Z,28.6222,40.698433,0,22320
2019-04-07T05:33:30.000Z,28.6222,40.698433,0,22320
2019-04-07T05:33:30.000Z,28.6222,40.698433,0,22320
2019-04-07T05:36:31.000Z,28.622183000000003,40.698417,0,30400
2019-04-07T05:36:31.000Z,28.622183000000003,40.698417,0,30400
2019-04-07T05:36:31.000Z,28.622183000000003,40.698417,0,30400
2019-04-07T05:41:50.000Z,28.622117,40.698367,0,29340
2019-04-07T05:41:50.000Z,28.622117,40.698367,0,29340
2019-04-07T05:41:50.000Z,28.622117,40.698367,0,29340
2019-04-07T05:47:51.000Z,28.622033,40.698283,0,3050
2019-04-07T05:47:51.000Z,28.622033,40.698283,0,3050
2019-04-07T05:47:51.000Z,28.622033,40.698283,0,3050
2019-04-07T05:51:51.000Z,28.622,40.69825,0,26600
2019-04-07T05:51:51.000Z,28.622,40.69825,0,26600
2019-04-07T05:51:51.000Z,28.622,40.69825,0,26600
2019-04-07T10:35:21.000Z,29.1484,40.759767,33,10960
2019-04-07T10:35:21.000Z,29.1484,40.759767,33,10960
2019-04-07T10:35:21.000Z,29.1484,40.759767,33,10960
2019-04-07T10:44:56.000Z,29.209367,40.74335,34,10970
2019-04-07T10:44:56.000Z,29.209367,40.74335,34,10970
2019-04-07T10:44:56.000Z,29.209367,40.74335,34,10970
2019-04-07T10:49:57.000Z,29.237417,40.735617,25,10880
2019-04-07T10:49:57.000Z,29.237417,40.735617,25,10880
2019-04-07T10:49:57.000Z,29.237417,40.735617,25,10880
2019-04-07T10:53:38.000Z,29.2536,40.731917,21,10250
2019-04-07T10:53:38.000Z,29.2536,40.731917,21,10250
2019-04-07T10:53:38.000Z,29.2536,40.731917,21,10250
2019-04-07T10:57:47.000Z,29.27055,40.7298,20,9880
2019-04-07T10:57:47.000Z,29.27055,40.7298,20,9880
2019-04-07T10:57:47.000Z,29.27055,40.7298,20,9880
2019-04-07T11:03:08.000Z,29.291517,40.728133,19,9430
2019-04-07T11:03:08.000Z,29.291517,40.728133,19,9430
2019-04-07T11:03:08.000Z,29.291517,40.728133,19,9430
2019-04-07T11:04:48.000Z,29.29765,40.72775,18,9480
2019-04-07T11:04:48.000Z,29.29765,40.72775,18,9480
2019-04-07T11:04:48.000Z,29.29765,40.72775,18,9480
2019-04-07T11:15:26.000Z,29.33045,40.72575,14,9470
2019-04-07T11:15:26.000Z,29.33045,40.72575,14,9470
2019-04-07T11:15:26.000Z,29.33045,40.72575,14,9470
2019-04-07T11:22:47.000Z,29.350283,40.724533,13,9450
2019-04-07T11:22:47.000Z,29.350283,40.724533,13,9450
2019-04-07T11:22:47.000Z,29.350283,40.724533,13,9450
2019-04-07T11:24:27.000Z,29.354667,40.724267,13,9490
2019-04-07T11:24:27.000Z,29.354667,40.724267,13,9490
2019-04-07T11:24:27.000Z,29.354667,40.724267,13,9490
2019-04-07T11:30:27.000Z,29.370233,40.72355,12,9180
2019-04-07T11:30:27.000Z,29.370233,40.72355,12,9180
2019-04-07T11:30:27.000Z,29.370233,40.72355,12,9180
2019-04-07T11:34:07.000Z,29.37955,40.723433,12,9010
2019-04-07T11:34:07.000Z,29.37955,40.723433,12,9010
2019-04-07T11:34:07.000Z,29.37955,40.723433,12,9010
2019-04-07T11:37:27.000Z,29.38855,40.723667,15,8530
2019-04-07T11:37:27.000Z,29.38855,40.723667,15,8530
2019-04-07T11:37:27.000Z,29.38855,40.723667,15,8530
2019-04-07T11:42:48.000Z,29.405967,40.72635,18,7300
2019-04-07T11:42:48.000Z,29.405967,40.72635,18,7300
2019-04-07T11:42:48.000Z,29.405967,40.72635,18,7300
2019-04-07T11:45:07.000Z,29.415333,40.728467,23,7360
2019-04-07T11:45:07.000Z,29.415333,40.728467,23,7360
2019-04-07T11:45:07.000Z,29.415333,40.728467,23,7360
2019-04-07T11:52:11.000Z,29.449,40.736283,24,7290
2019-04-07T11:52:11.000Z,29.449,40.736283,24,7290
2019-04-07T11:52:11.000Z,29.449,40.736283,24,7290
2019-04-07T12:34:50.000Z,29.630533000000003,40.748883,29,9010
2019-04-07T12:34:50.000Z,29.630533000000003,40.748883,29,9010
2019-04-07T12:34:50.000Z,29.630533000000003,40.748883,29,9010
2019-04-07T12:37:02.000Z,29.641183,40.747217,22,11200
2019-04-07T12:37:02.000Z,29.641183,40.747217,22,11200
2019-04-07T12:37:02.000Z,29.641183,40.747217,22,11200
2019-04-07T12:39:13.000Z,29.64945,40.74545,16,9110
2019-04-07T12:39:13.000Z,29.64945,40.74545,16,9110
2019-04-07T12:39:13.000Z,29.64945,40.74545,16,9110
2019-04-07T12:46:30.000Z,29.670483,40.747217,13,7970
2019-04-07T12:46:30.000Z,29.670483,40.747217,13,7970
2019-04-07T12:46:30.000Z,29.670483,40.747217,13,7970
2019-04-07T12:50:30.000Z,29.680383000000006,40.7493,12,6840
2019-04-07T12:50:30.000Z,29.680383000000006,40.7493,12,6840
2019-04-07T12:50:30.000Z,29.680383000000006,40.7493,12,6840
2019-04-07T12:55:52.000Z,29.690167,40.75455,10,3310
2019-04-07T12:55:52.000Z,29.690167,40.75455,10,3310
2019-04-07T12:55:52.000Z,29.690167,40.75455,10,3310
2019-04-07T13:00:12.000Z,29.694000000000006,40.759767,7,2970
2019-04-07T13:00:12.000Z,29.694000000000006,40.759767,7,2970
2019-04-07T13:00:12.000Z,29.694000000000006,40.759767,7,2970
2019-04-07T13:06:10.000Z,29.6979,40.764983,5,3090
2019-04-07T13:06:10.000Z,29.6979,40.764983,5,3090
2019-04-07T13:06:10.000Z,29.6979,40.764983,5,3090
2019-04-07T13:09:51.000Z,29.699917,40.767217,4,3730
2019-04-07T13:09:51.000Z,29.699917,40.767217,4,3730
2019-04-07T13:09:51.000Z,29.699917,40.767217,4,3730
2019-04-07T13:13:51.000Z,29.701833,40.769017,3,3890
2019-04-07T13:13:51.000Z,29.701833,40.769017,3,3890
2019-04-07T13:13:51.000Z,29.701833,40.769017,3,3890
2019-04-07T13:22:32.000Z,29.705533000000006,40.771983,2,4870
2019-04-07T13:22:32.000Z,29.705533000000006,40.771983,2,4870
2019-04-07T13:22:32.000Z,29.705533000000006,40.771983,2,4870
2019-04-07T13:33:14.000Z,29.7093,40.77415,0,35700
2019-04-07T13:33:14.000Z,29.7093,40.77415,0,35700
2019-04-07T13:33:14.000Z,29.7093,40.77415,0,35700
2019-04-07T14:16:27.000Z,29.709183000000003,40.77445,0,8760
2019-04-07T14:16:27.000Z,29.709183000000003,40.77445,0,8760
2019-04-07T14:16:27.000Z,29.709183000000003,40.77445,0,8760
2019-04-07T14:58:27.000Z,29.709183000000003,40.77445,0,1160
2019-04-07T14:58:27.000Z,29.709183000000003,40.77445,0,1160
2019-04-07T14:58:27.000Z,29.709183000000003,40.77445,0,1160
2019-04-07T15:40:31.000Z,29.7092,40.774483,0,28180
2019-04-07T15:40:31.000Z,29.7092,40.774483,0,28180
2019-04-07T15:40:31.000Z,29.7092,40.774483,0,28180
2019-04-07T16:04:28.000Z,29.7092,40.774483,0,26570
2019-04-07T16:04:28.000Z,29.7092,40.774483,0,26570
2019-04-07T16:04:28.000Z,29.7092,40.774483,0,26570
2019-04-08T03:37:25.000Z,29.7092,40.774467,0,29280
2019-04-08T03:37:25.000Z,29.7092,40.774467,0,29280
2019-04-08T03:37:25.000Z,29.7092,40.774467,0,29280
2019-04-08T04:13:24.000Z,29.7092,40.774467,0,21530
2019-04-08T04:13:24.000Z,29.7092,40.774467,0,21530
2019-04-08T04:13:24.000Z,29.7092,40.774467,0,21530
2019-04-08T08:49:26.000Z,29.7092,40.774467,0,13180
2019-04-08T08:49:26.000Z,29.7092,40.774467,0,13180
2019-04-08T08:49:26.000Z,29.7092,40.774467,0,13180
2019-04-08T08:55:25.000Z,29.7092,40.774467,0,26360
2019-04-08T08:55:25.000Z,29.7092,40.774467,0,26360
2019-04-08T08:55:25.000Z,29.7092,40.774467,0,26360
2019-04-08T09:01:24.000Z,29.7092,40.774467,0,9340
2019-04-08T09:01:24.000Z,29.7092,40.774467,0,9340
2019-04-08T09:01:24.000Z,29.7092,40.774467,0,9340
2019-04-08T09:07:24.000Z,29.7092,40.774467,0,16960
2019-04-08T09:07:24.000Z,29.7092,40.774467,0,16960
2019-04-08T09:07:24.000Z,29.7092,40.774467,0,16960
2019-04-08T09:13:25.000Z,29.7092,40.77445,0,26750
2019-04-08T09:13:25.000Z,29.7092,40.77445,0,26750
2019-04-08T09:13:25.000Z,29.7092,40.77445,0,26750
2019-04-08T09:19:25.000Z,29.7092,40.774467,0,26530
2019-04-08T09:19:25.000Z,29.7092,40.774467,0,26530
2019-04-08T09:19:25.000Z,29.7092,40.774467,0,26530
2019-04-08T09:25:24.000Z,29.709183000000003,40.774433,0,14070
2019-04-08T09:25:24.000Z,29.709183000000003,40.774433,0,14070
2019-04-08T09:25:24.000Z,29.709183000000003,40.774433,0,14070
2019-04-08T09:37:25.000Z,29.709183000000003,40.774467,0,15210
2019-04-08T09:37:25.000Z,29.709183000000003,40.774467,0,15210
2019-04-08T09:37:25.000Z,29.709183000000003,40.774467,0,15210
2019-04-08T10:01:26.000Z,29.709183000000003,40.774467,0,3430
2019-04-08T10:01:26.000Z,29.709183000000003,40.774467,0,3430
2019-04-08T10:01:26.000Z,29.709183000000003,40.774467,0,3430
2019-04-08T10:13:25.000Z,29.7092,40.774483,0,32020
2019-04-08T10:13:25.000Z,29.7092,40.774483,0,32020
2019-04-08T10:13:25.000Z,29.7092,40.774483,0,32020
2019-04-08T10:37:24.000Z,29.7092,40.774483,0,26530
2019-04-08T10:37:24.000Z,29.7092,40.774483,0,26530
2019-04-08T10:37:24.000Z,29.7092,40.774483,0,26530
2019-04-08T10:43:25.000Z,29.7092,40.774483,0,23940
2019-04-08T10:43:25.000Z,29.7092,40.774483,0,23940
2019-04-08T10:43:25.000Z,29.7092,40.774483,0,23940
2019-04-08T10:49:24.000Z,29.709183000000003,40.774467,0,9710
2019-04-08T10:49:24.000Z,29.709183000000003,40.774467,0,9710
2019-04-08T10:49:24.000Z,29.709183000000003,40.774467,0,9710
2019-04-08T10:55:26.000Z,29.709183000000003,40.774467,0,20110
2019-04-08T10:55:26.000Z,29.709183000000003,40.774467,0,20110
2019-04-08T10:55:26.000Z,29.709183000000003,40.774467,0,20110
2019-04-08T12:37:26.000Z,29.70915,40.774467,0,18280
2019-04-08T12:37:26.000Z,29.70915,40.774467,0,18280
2019-04-08T12:37:26.000Z,29.70915,40.774467,0,18280
2019-04-08T12:43:25.000Z,29.70915,40.774467,0,30990
2019-04-08T12:43:25.000Z,29.70915,40.774467,0,30990
2019-04-08T12:43:25.000Z,29.70915,40.774467,0,30990
2019-04-08T13:37:25.000Z,29.7092,40.774467,0,35230
2019-04-08T13:37:25.000Z,29.7092,40.774467,0,35230
2019-04-08T13:37:25.000Z,29.7092,40.774467,0,35230
2019-04-08T14:37:28.000Z,29.709183000000003,40.774467,0,3550
2019-04-08T14:37:28.000Z,29.709183000000003,40.774467,0,3550
2019-04-08T14:37:28.000Z,29.709183000000003,40.774467,0,3550
2019-04-08T15:01:26.000Z,29.709183000000003,40.774467,0,19400
2019-04-08T15:01:26.000Z,29.709183000000003,40.774467,0,19400
2019-04-08T15:01:26.000Z,29.709183000000003,40.774467,0,19400
2019-04-08T15:07:27.000Z,29.709183000000003,40.774483,0,34180
2019-04-08T15:07:27.000Z,29.709183000000003,40.774483,0,34180
2019-04-08T15:07:27.000Z,29.709183000000003,40.774483,0,34180
2019-04-08T18:42:27.000Z,29.383067,40.740167,17,27190
2019-04-08T18:42:27.000Z,29.383067,40.740167,17,27190
2019-04-08T18:42:27.000Z,29.383067,40.740167,17,27190
2019-04-08T18:48:46.000Z,29.36025,40.740667,23,27150
2019-04-08T18:48:46.000Z,29.36025,40.740667,23,27150
2019-04-08T18:48:46.000Z,29.36025,40.740667,23,27150
2019-04-08T19:19:06.000Z,29.163567,40.753667,33,27300
2019-04-08T19:19:06.000Z,29.163567,40.753667,33,27300
2019-04-08T19:19:06.000Z,29.163567,40.753667,33,27300
2019-04-08T20:30:41.000Z,28.961667,40.74475,2,27150
2019-04-08T20:30:41.000Z,28.961667,40.74475,2,27150
2019-04-08T20:30:41.000Z,28.961667,40.74475,2,27150
2019-04-08T22:03:09.000Z,28.932083,40.741183,1,22950
2019-04-08T22:03:09.000Z,28.932083,40.741183,1,22950
2019-04-08T22:03:09.000Z,28.932083,40.741183,1,22950
2019-04-08T22:40:22.000Z,28.923567,40.735283,1,22950
2019-04-08T22:40:22.000Z,28.923567,40.735283,1,22950
2019-04-08T22:40:22.000Z,28.923567,40.735283,1,22950
2019-04-08T22:56:51.000Z,28.920067,40.73275,1,22770
2019-04-08T22:56:51.000Z,28.920067,40.73275,1,22770
2019-04-08T22:56:51.000Z,28.920067,40.73275,1,22770
2019-04-08T23:00:30.000Z,28.91935,40.732317,1,23120
2019-04-08T23:00:30.000Z,28.91935,40.732317,1,23120
2019-04-08T23:00:30.000Z,28.91935,40.732317,1,23120
2019-04-08T23:02:21.000Z,28.918983,40.73213300000001,1,23490
2019-04-08T23:02:21.000Z,28.918983,40.73213300000001,1,23490
2019-04-08T23:02:21.000Z,28.918983,40.73213300000001,1,23490
2019-04-08T23:09:00.000Z,28.917583,40.7316,1,25830
2019-04-08T23:09:00.000Z,28.917583,40.7316,1,25830
2019-04-08T23:09:00.000Z,28.917583,40.7316,1,25830
2019-04-09T01:01:19.000Z,28.9385,40.720633,1,13780
2019-04-09T01:01:19.000Z,28.9385,40.720633,1,13780
2019-04-09T01:01:19.000Z,28.9385,40.720633,1,13780
2019-04-09T01:07:00.000Z,28.939667,40.7198,1,13330
2019-04-09T01:07:00.000Z,28.939667,40.7198,1,13330
2019-04-09T01:07:00.000Z,28.939667,40.7198,1,13330
2019-04-09T01:41:59.000Z,28.946433000000006,40.716533,1,10470
2019-04-09T01:41:59.000Z,28.946433000000006,40.716533,1,10470
2019-04-09T01:41:59.000Z,28.946433000000006,40.716533,1,10470
2019-04-09T01:43:51.000Z,28.946983000000003,40.716433,1,10070
2019-04-09T01:43:51.000Z,28.946983000000003,40.716433,1,10070
2019-04-09T01:43:51.000Z,28.946983000000003,40.716433,1,10070
2019-04-09T01:58:51.000Z,28.951833,40.714883,1,11920
2019-04-09T01:58:51.000Z,28.951833,40.714883,1,11920
2019-04-09T01:58:51.000Z,28.951833,40.714883,1,11920
2019-04-09T02:56:11.000Z,28.961317,40.707617,0,13410
2019-04-09T02:56:11.000Z,28.961317,40.707617,0,13410
2019-04-09T02:56:11.000Z,28.961317,40.707617,0,13410
2019-04-09T02:59:20.000Z,28.96175,40.70725,1,13370
2019-04-09T02:59:20.000Z,28.96175,40.70725,1,13370
2019-04-09T02:59:20.000Z,28.96175,40.70725,1,13370
2019-04-09T03:27:51.000Z,28.965567,40.704317,0,13020
2019-04-09T03:27:51.000Z,28.965567,40.704317,0,13020
2019-04-09T03:27:51.000Z,28.965567,40.704317,0,13020
2019-04-09T04:07:00.000Z,28.970067,40.70155,0,12930
2019-04-09T04:07:00.000Z,28.970067,40.70155,0,12930
2019-04-09T04:07:00.000Z,28.970067,40.70155,0,12930
2019-04-09T04:15:00.000Z,28.9713,40.700617,1,13800
2019-04-09T04:15:00.000Z,28.9713,40.700617,1,13800
2019-04-09T04:15:00.000Z,28.9713,40.700617,1,13800
2019-04-09T04:16:20.000Z,28.9715,40.700433,1,13880
2019-04-09T04:16:20.000Z,28.9715,40.700433,1,13880
2019-04-09T04:16:20.000Z,28.9715,40.700433,1,13880
2019-04-09T04:56:11.000Z,28.9765,40.694583,1,15910
2019-04-09T04:56:11.000Z,28.9765,40.694583,1,15910
2019-04-09T04:56:11.000Z,28.9765,40.694583,1,15910
2019-04-09T05:39:09.000Z,28.975433,40.697833,6,32850
2019-04-09T05:39:09.000Z,28.975433,40.697833,6,32850
2019-04-09T05:39:09.000Z,28.975433,40.697833,6,32850
2019-04-09T06:15:20.000Z,28.985067,40.75555,17,2190
2019-04-09T06:15:20.000Z,28.985067,40.75555,17,2190
2019-04-09T06:15:20.000Z,28.985067,40.75555,17,2190
2019-04-09T08:16:20.000Z,29.060467,41.09635,20,630
2019-04-09T08:16:20.000Z,29.060467,41.09635,20,630
2019-04-09T08:16:20.000Z,29.060467,41.09635,20,630
2019-04-09T08:27:21.000Z,29.076117,41.1257,17,33570
2019-04-09T08:27:21.000Z,29.076117,41.1257,17,33570
2019-04-09T08:27:21.000Z,29.076117,41.1257,17,33570
2019-04-09T08:36:51.000Z,29.060717,41.150967,20,35770
2019-04-09T08:36:51.000Z,29.060717,41.150967,20,35770
2019-04-09T08:36:51.000Z,29.060717,41.150967,20,35770
2019-04-09T08:41:51.000Z,29.068167,41.1648,20,3710
2019-04-09T08:41:51.000Z,29.068167,41.1648,20,3710
2019-04-09T08:41:51.000Z,29.068167,41.1648,20,3710
2019-04-09T08:53:11.000Z,29.0972,41.19,16,4360
2019-04-09T08:53:11.000Z,29.0972,41.19,16,4360
2019-04-09T08:53:11.000Z,29.0972,41.19,16,4360
2019-04-09T08:57:10.000Z,29.10675,41.197633,21,4310
2019-04-09T08:57:10.000Z,29.10675,41.197633,21,4310
2019-04-09T08:57:10.000Z,29.10675,41.197633,21,4310
2019-04-09T10:26:35.000Z,29.195817,41.64745,38,35390
2019-04-09T10:26:35.000Z,29.195817,41.64745,38,35390
2019-04-09T10:26:35.000Z,29.195817,41.64745,38,35390
2019-04-09T10:39:34.000Z,29.185017,41.721017,37,35390
2019-04-09T10:39:34.000Z,29.185017,41.721017,37,35390
2019-04-09T10:39:34.000Z,29.185017,41.721017,37,35390
2019-04-09T11:00:58.000Z,29.16735,41.84173300000001,37,35380
2019-04-09T11:00:58.000Z,29.16735,41.84173300000001,37,35380
2019-04-09T11:00:58.000Z,29.16735,41.84173300000001,37,35380
2019-04-09T11:48:58.000Z,29.127233,42.114233,38,35380
2019-04-09T11:48:58.000Z,29.127233,42.114233,38,35380
2019-04-09T11:48:58.000Z,29.127233,42.114233,38,35380
2019-04-09T11:52:22.000Z,29.124383,42.1336,38,35360
2019-04-09T11:52:22.000Z,29.124383,42.1336,38,35360
2019-04-09T11:52:22.000Z,29.124383,42.1336,38,35360
2019-04-09T14:45:52.000Z,28.978,43.115417,37,35420
2019-04-09T14:45:52.000Z,28.978,43.115417,37,35420
2019-04-09T14:45:52.000Z,28.978,43.115417,37,35420
2019-04-09T15:29:40.000Z,28.941517,43.3619,38,35370
2019-04-09T15:29:40.000Z,28.941517,43.3619,38,35370
2019-04-09T15:29:40.000Z,28.941517,43.3619,38,35370
2019-04-09T15:33:22.000Z,28.9384,43.382883,38,35360
2019-04-09T15:33:22.000Z,28.9384,43.382883,38,35360
2019-04-09T15:33:22.000Z,28.9384,43.382883,38,35360
2019-04-09T15:39:46.000Z,28.932833,43.4195,38,35360
2019-04-09T15:39:46.000Z,28.932833,43.4195,38,35360
2019-04-09T15:39:46.000Z,28.932833,43.4195,38,35360
2019-04-09T15:44:47.000Z,28.928417,43.4482,38,35370
2019-04-09T15:44:47.000Z,28.928417,43.4482,38,35370
2019-04-09T15:44:47.000Z,28.928417,43.4482,38,35370
2019-04-09T19:20:48.000Z,28.658867,44.10628300000001,0,16760
2019-04-09T19:20:48.000Z,28.658867,44.10628300000001,0,16760
2019-04-09T19:20:48.000Z,28.658867,44.10628300000001,0,16760
2019-04-09T19:23:59.000Z,28.659017,44.10615,0,13160
2019-04-09T19:23:59.000Z,28.659017,44.10615,0,13160
2019-04-09T19:23:59.000Z,28.659017,44.10615,0,13160
2019-04-09T19:27:07.000Z,28.659167,44.106083,0,10210
2019-04-09T19:27:07.000Z,28.659167,44.106083,0,10210
2019-04-09T19:27:07.000Z,28.659167,44.106083,0,10210
2019-04-09T19:33:07.000Z,28.6594,44.1061,0,7850
2019-04-09T19:33:07.000Z,28.6594,44.1061,0,7850
2019-04-09T19:33:07.000Z,28.6594,44.1061,0,7850
2019-04-09T19:36:08.000Z,28.659433,44.106117,0,10900
2019-04-09T19:36:08.000Z,28.659433,44.106117,0,10900
2019-04-09T19:36:08.000Z,28.659433,44.106117,0,10900
2019-04-09T19:42:07.000Z,28.659433,44.106133,0,27420
2019-04-09T19:42:07.000Z,28.659433,44.106133,0,27420
2019-04-09T19:42:07.000Z,28.659433,44.106133,0,27420
2019-04-09T19:48:06.000Z,28.659433,44.106133,0,20220
2019-04-09T19:48:06.000Z,28.659433,44.106133,0,20220
2019-04-09T19:48:06.000Z,28.659433,44.106133,0,20220
2019-04-09T19:51:07.000Z,28.659433,44.106133,0,1300
2019-04-09T19:51:07.000Z,28.659433,44.106133,0,1300
2019-04-09T19:51:07.000Z,28.659433,44.106133,0,1300
2019-04-09T19:57:06.000Z,28.659433,44.106133,0,34710
2019-04-09T19:57:06.000Z,28.659433,44.106133,0,34710
2019-04-09T19:57:06.000Z,28.659433,44.106133,0,34710
2019-04-09T20:00:07.000Z,28.659433,44.106133,0,2610
2019-04-09T20:00:07.000Z,28.659433,44.106133,0,2610
2019-04-09T20:00:07.000Z,28.659433,44.106133,0,2610
2019-04-09T20:03:09.000Z,28.659433,44.106133,0,28690
2019-04-09T20:03:09.000Z,28.659433,44.106133,0,28690
2019-04-09T20:03:09.000Z,28.659433,44.106133,0,28690
2019-04-09T20:09:06.000Z,28.659433,44.10615,0,16980
2019-04-09T20:09:06.000Z,28.659433,44.10615,0,16980
2019-04-09T20:09:06.000Z,28.659433,44.10615,0,16980
2019-04-09T20:12:07.000Z,28.65945,44.10615,0,26600
2019-04-09T20:12:07.000Z,28.65945,44.10615,0,26600
2019-04-09T20:12:07.000Z,28.65945,44.10615,0,26600
2019-04-09T20:18:07.000Z,28.659433,44.10615,0,17620
2019-04-09T20:18:07.000Z,28.659433,44.10615,0,17620
2019-04-09T20:18:07.000Z,28.659433,44.10615,0,17620
2019-04-09T20:27:07.000Z,28.659433,44.106133,0,18210
2019-04-09T20:27:07.000Z,28.659433,44.106133,0,18210
2019-04-09T20:27:07.000Z,28.659433,44.106133,0,18210
2019-04-09T20:33:06.000Z,28.659433,44.10615,0,7630
2019-04-09T20:33:06.000Z,28.659433,44.10615,0,7630
2019-04-09T20:33:06.000Z,28.659433,44.10615,0,7630
2019-04-09T20:36:07.000Z,28.659433,44.106133,0,12180
2019-04-09T20:36:07.000Z,28.659433,44.106133,0,12180
2019-04-09T20:36:07.000Z,28.659433,44.106133,0,12180
2019-04-09T20:42:07.000Z,28.65945,44.10615,0,4170
2019-04-09T20:42:07.000Z,28.65945,44.10615,0,4170
2019-04-09T20:42:07.000Z,28.65945,44.10615,0,4170
2019-04-09T20:51:08.000Z,28.65945,44.10615,0,21150
2019-04-09T20:51:08.000Z,28.65945,44.10615,0,21150
2019-04-09T20:51:08.000Z,28.65945,44.10615,0,21150
2019-04-09T20:57:07.000Z,28.65945,44.10615,0,27690
2019-04-09T20:57:07.000Z,28.65945,44.10615,0,27690
2019-04-09T20:57:07.000Z,28.65945,44.10615,0,27690
2019-04-09T21:06:06.000Z,28.65945,44.10615,0,26800
2019-04-09T21:06:06.000Z,28.65945,44.10615,0,26800
2019-04-09T21:06:06.000Z,28.65945,44.10615,0,26800
2019-04-09T21:12:08.000Z,28.659433,44.106133,0,3510
2019-04-09T21:12:08.000Z,28.659433,44.106133,0,3510
2019-04-09T21:12:08.000Z,28.659433,44.106133,0,3510
2019-04-09T21:18:07.000Z,28.659433,44.106133,0,17990
2019-04-09T21:18:07.000Z,28.659433,44.106133,0,17990
2019-04-09T21:18:07.000Z,28.659433,44.106133,0,17990
2019-04-09T21:21:08.000Z,28.659433,44.10615,0,9420
2019-04-09T21:21:08.000Z,28.659433,44.10615,0,9420
2019-04-09T21:21:08.000Z,28.659433,44.10615,0,9420
2019-04-09T21:27:06.000Z,28.659433,44.10615,0,6280
2019-04-09T21:27:06.000Z,28.659433,44.10615,0,6280
2019-04-09T21:27:06.000Z,28.659433,44.10615,0,6280
2019-04-09T21:30:07.000Z,28.65945,44.10615,0,8330
2019-04-09T21:30:07.000Z,28.65945,44.10615,0,8330
2019-04-09T21:30:07.000Z,28.65945,44.10615,0,8330
2019-04-09T21:36:07.000Z,28.65945,44.106133,0,17570
2019-04-09T21:36:07.000Z,28.65945,44.106133,0,17570
2019-04-09T21:36:07.000Z,28.65945,44.106133,0,17570
2019-04-09T21:42:07.000Z,28.65945,44.106133,0,19190
2019-04-09T21:42:07.000Z,28.65945,44.106133,0,19190
2019-04-09T21:42:07.000Z,28.65945,44.106133,0,19190
2019-04-09T21:51:07.000Z,28.659433,44.10615,0,20250
2019-04-09T21:51:07.000Z,28.659433,44.10615,0,20250
2019-04-09T21:51:07.000Z,28.659433,44.10615,0,20250
2019-04-09T21:57:06.000Z,28.65945,44.106133,0,19340
2019-04-09T21:57:06.000Z,28.65945,44.106133,0,19340
2019-04-09T21:57:06.000Z,28.65945,44.106133,0,19340
2019-04-09T22:00:07.000Z,28.65945,44.106133,0,34600
2019-04-09T22:00:07.000Z,28.65945,44.106133,0,34600
2019-04-09T22:00:07.000Z,28.65945,44.106133,0,34600
2019-04-09T22:06:07.000Z,28.65945,44.106133,0,27500
2019-04-09T22:06:07.000Z,28.65945,44.106133,0,27500
2019-04-09T22:06:07.000Z,28.65945,44.106133,0,27500
2019-04-09T22:15:07.000Z,28.65945,44.10615,0,29290
2019-04-09T22:15:07.000Z,28.65945,44.10615,0,29290
2019-04-09T22:15:07.000Z,28.65945,44.10615,0,29290
2019-04-09T22:21:07.000Z,28.659467,44.10615,0,26450
2019-04-09T22:21:07.000Z,28.659467,44.10615,0,26450
2019-04-09T22:21:07.000Z,28.659467,44.10615,0,26450
2019-04-09T22:24:08.000Z,28.659467,44.10615,0,22000
2019-04-09T22:24:08.000Z,28.659467,44.10615,0,22000
2019-04-09T22:24:08.000Z,28.659467,44.10615,0,22000
2019-04-09T22:33:07.000Z,28.65945,44.10615,0,26600
2019-04-09T22:33:07.000Z,28.65945,44.10615,0,26600
2019-04-09T22:33:07.000Z,28.65945,44.10615,0,26600
2019-04-09T22:39:07.000Z,28.65945,44.10615,0,1620
2019-04-09T22:39:07.000Z,28.65945,44.10615,0,1620
2019-04-09T22:39:07.000Z,28.65945,44.10615,0,1620
2019-04-09T22:45:07.000Z,28.65945,44.10615,0,34820
2019-04-09T22:45:07.000Z,28.65945,44.10615,0,34820
2019-04-09T22:45:07.000Z,28.65945,44.10615,0,34820
2019-04-09T22:54:07.000Z,28.65945,44.106133,0,34710
2019-04-09T22:54:07.000Z,28.65945,44.106133,0,34710
2019-04-09T22:54:07.000Z,28.65945,44.106133,0,34710
2019-04-09T22:57:08.000Z,28.65945,44.10615,0,29460
2019-04-09T22:57:08.000Z,28.65945,44.10615,0,29460
2019-04-09T22:57:08.000Z,28.65945,44.10615,0,29460
2019-04-09T23:06:06.000Z,28.65945,44.10615,0,8610
2019-04-09T23:06:06.000Z,28.65945,44.10615,0,8610
2019-04-09T23:06:06.000Z,28.65945,44.10615,0,8610
2019-04-09T23:09:07.000Z,28.65945,44.10615,0,26020
2019-04-09T23:09:07.000Z,28.65945,44.10615,0,26020
2019-04-09T23:09:07.000Z,28.65945,44.10615,0,26020
2019-04-09T23:15:08.000Z,28.65945,44.106133,0,3310
2019-04-09T23:15:08.000Z,28.65945,44.106133,0,3310
2019-04-09T23:15:08.000Z,28.65945,44.106133,0,3310
2019-04-09T23:21:06.000Z,28.65945,44.106133,0,35620
2019-04-09T23:21:06.000Z,28.65945,44.106133,0,35620
2019-04-09T23:21:06.000Z,28.65945,44.106133,0,35620
2019-04-09T23:24:08.000Z,28.65945,44.106133,0,17770
2019-04-09T23:24:08.000Z,28.65945,44.106133,0,17770
2019-04-09T23:24:08.000Z,28.65945,44.106133,0,17770
2019-04-09T23:30:07.000Z,28.65945,44.106133,0,26350
2019-04-09T23:30:07.000Z,28.65945,44.106133,0,26350
2019-04-09T23:30:07.000Z,28.65945,44.106133,0,26350
2019-04-09T23:33:08.000Z,28.65945,44.106133,0,11850
2019-04-09T23:33:08.000Z,28.65945,44.106133,0,11850
2019-04-09T23:33:08.000Z,28.65945,44.106133,0,11850
2019-04-09T23:39:07.000Z,28.659467,44.106133,0,31760
2019-04-09T23:39:07.000Z,28.659467,44.106133,0,31760
2019-04-09T23:39:07.000Z,28.659467,44.106133,0,31760
2019-04-09T23:45:08.000Z,28.659467,44.106117,0,22750
2019-04-09T23:45:08.000Z,28.659467,44.106117,0,22750
2019-04-09T23:45:08.000Z,28.659467,44.106117,0,22750
2019-04-09T23:51:08.000Z,28.659467,44.106133,0,32520
2019-04-09T23:51:08.000Z,28.659467,44.106133,0,32520
