timestamp,longitude,latitude,speed,direction
2019-03-05T12:55:19.000Z,55.052117,24.988783,0,27300
2019-03-05T12:55:19.000Z,55.052117,24.988783,0,27300
2019-03-05T12:55:19.000Z,55.052117,24.988783,0,27300
2019-03-05T13:43:14.000Z,55.052083,24.988917,0,20500
2019-03-05T13:43:14.000Z,55.052083,24.988917,0,20500
2019-03-05T13:43:14.000Z,55.052083,24.988917,0,20500
2019-03-05T14:22:15.000Z,55.052117,24.988867000000006,0,13500
2019-03-05T14:22:15.000Z,55.052117,24.988867000000006,0,13500
2019-03-05T14:22:15.000Z,55.052117,24.988867000000006,0,13500
2019-03-05T14:58:18.000Z,55.052133,24.988783,0,29600
2019-03-05T14:58:18.000Z,55.052133,24.988783,0,29600
2019-03-05T14:58:18.000Z,55.052133,24.988783,0,29600
2019-03-05T15:53:41.000Z,55.052083,24.9888,0,15300
2019-03-05T15:53:41.000Z,55.052083,24.9888,0,15300
2019-03-05T15:53:41.000Z,55.052083,24.9888,0,15300
2019-03-05T16:04:22.000Z,55.053133,24.988183,2,14800
2019-03-05T16:04:22.000Z,55.053133,24.988183,2,14800
2019-03-05T16:04:22.000Z,55.053133,24.988183,2,14800
2019-03-05T16:09:42.000Z,55.0544,24.986967,1,11400
2019-03-05T16:09:42.000Z,55.0544,24.986967,1,11400
2019-03-05T16:09:42.000Z,55.0544,24.986967,1,11400
2019-03-05T16:14:01.000Z,55.05546700000001,24.987817,3,35100
2019-03-05T16:14:01.000Z,55.05546700000001,24.987817,3,35100
2019-03-05T16:14:01.000Z,55.05546700000001,24.987817,3,35100
2019-03-05T16:21:30.000Z,55.05115,24.997583,13,33900
2019-03-05T16:21:30.000Z,55.05115,24.997583,13,33900
2019-03-05T16:21:30.000Z,55.05115,24.997583,13,33900
2019-03-05T16:27:24.000Z,55.045867,25.009583,15,33700
2019-03-05T16:27:24.000Z,55.045867,25.009583,15,33700
2019-03-05T16:27:24.000Z,55.045867,25.009583,15,33700
2019-03-05T16:33:10.000Z,55.040367,25.021933,15,33900
2019-03-05T16:33:10.000Z,55.040367,25.021933,15,33900
2019-03-05T16:33:10.000Z,55.040367,25.021933,15,33900
2019-03-05T16:38:13.000Z,55.035,25.031767,14,32500
2019-03-05T16:38:13.000Z,55.035,25.031767,14,32500
2019-03-05T16:38:13.000Z,55.035,25.031767,14,32500
2019-03-05T16:44:40.000Z,55.02376700000001,25.0427,18,31500
2019-03-05T16:44:40.000Z,55.02376700000001,25.0427,18,31500
2019-03-05T16:44:40.000Z,55.02376700000001,25.0427,18,31500
2019-03-05T16:50:11.000Z,55.01085,25.05475,21,31600
2019-03-05T16:50:11.000Z,55.01085,25.05475,21,31600
2019-03-05T16:50:11.000Z,55.01085,25.05475,21,31600
2019-03-05T16:55:51.000Z,54.99631700000001,25.067983,22,31400
2019-03-05T16:55:51.000Z,54.99631700000001,25.067983,22,31400
2019-03-05T16:55:51.000Z,54.99631700000001,25.067983,22,31400
2019-03-05T17:00:51.000Z,54.983217,25.079717,22,31400
2019-03-05T17:00:51.000Z,54.983217,25.079717,22,31400
2019-03-05T17:00:51.000Z,54.983217,25.079717,22,31400
2019-03-05T17:06:00.000Z,54.96936700000001,25.09205,22,31500
2019-03-05T17:06:00.000Z,54.96936700000001,25.09205,22,31500
2019-03-05T17:06:00.000Z,54.96936700000001,25.09205,22,31500
2019-03-05T17:11:03.000Z,54.955833,25.1042,22,31300
2019-03-05T17:11:03.000Z,54.955833,25.1042,22,31300
2019-03-05T17:11:03.000Z,54.955833,25.1042,22,31300
2019-03-05T17:16:03.000Z,54.942317,25.11625,22,31400
2019-03-05T17:16:03.000Z,54.942317,25.11625,22,31400
2019-03-05T17:16:03.000Z,54.942317,25.11625,22,31400
2019-03-05T17:21:30.000Z,54.926733,25.129583,25,31200
2019-03-05T17:21:30.000Z,54.926733,25.129583,25,31200
2019-03-05T17:21:30.000Z,54.926733,25.129583,25,31200
2019-03-05T17:23:56.000Z,54.919017,25.13615,26,31500
2019-03-05T17:23:56.000Z,54.919017,25.13615,26,31500
2019-03-05T17:23:56.000Z,54.919017,25.13615,26,31500
2019-03-05T17:24:39.000Z,54.91715,25.13835,26,32500
2019-03-05T17:24:39.000Z,54.91715,25.13835,26,32500
2019-03-05T17:24:39.000Z,54.91715,25.13835,26,32500
2019-03-05T17:25:02.000Z,54.916333,25.139683,26,33100
2019-03-05T17:25:02.000Z,54.916333,25.139683,26,33100
2019-03-05T17:25:02.000Z,54.916333,25.139683,26,33100
2019-03-05T17:25:44.000Z,54.9152,25.1424,26,34100
2019-03-05T17:25:44.000Z,54.9152,25.1424,26,34100
2019-03-05T17:25:44.000Z,54.9152,25.1424,26,34100
2019-03-05T17:26:28.000Z,54.91465,25.14515,26,35100
2019-03-05T17:26:28.000Z,54.91465,25.14515,26,35100
2019-03-05T17:26:28.000Z,54.91465,25.14515,26,35100
2019-03-05T17:27:18.000Z,54.91445,25.14835,26,35800
2019-03-05T17:27:18.000Z,54.91445,25.14835,26,35800
2019-03-05T17:27:18.000Z,54.91445,25.14835,26,35800
2019-03-05T17:28:31.000Z,54.914933,25.15315,26,800
2019-03-05T17:28:31.000Z,54.914933,25.15315,26,800
2019-03-05T17:28:31.000Z,54.914933,25.15315,26,800
2019-03-05T17:32:29.000Z,54.91843299999999,25.16955,27,1100
2019-03-05T17:32:29.000Z,54.91843299999999,25.16955,27,1100
2019-03-05T17:32:29.000Z,54.91843299999999,25.16955,27,1100
2019-03-05T17:37:31.000Z,54.923583,25.190733,29,1300
2019-03-05T17:37:31.000Z,54.923583,25.190733,29,1300
2019-03-05T17:37:31.000Z,54.923583,25.190733,29,1300
2019-03-05T17:42:55.000Z,54.929933,25.214617,30,1300
2019-03-05T17:42:55.000Z,54.929933,25.214617,30,1300
2019-03-05T17:42:55.000Z,54.929933,25.214617,30,1300
2019-03-05T17:48:42.000Z,54.9374,25.240517,30,1500
2019-03-05T17:48:42.000Z,54.9374,25.240517,30,1500
2019-03-05T17:48:42.000Z,54.9374,25.240517,30,1500
2019-03-05T17:54:07.000Z,54.944483,25.264683,30,1200
2019-03-05T17:54:07.000Z,54.944483,25.264683,30,1200
2019-03-05T17:54:07.000Z,54.944483,25.264683,30,1200
2019-03-05T17:59:26.000Z,54.9509,25.288417000000006,30,1300
2019-03-05T17:59:26.000Z,54.9509,25.288417000000006,30,1300
2019-03-05T17:59:26.000Z,54.9509,25.288417000000006,30,1300
2019-03-05T18:06:33.000Z,54.95984,25.32104,30,1400
2019-03-05T18:06:33.000Z,54.95984,25.32104,30,1400
2019-03-05T18:06:33.000Z,54.95984,25.32104,30,1400
2019-03-05T18:12:18.000Z,54.966883,25.346733,30,1300
2019-03-05T18:12:18.000Z,54.966883,25.346733,30,1300
2019-03-05T18:12:18.000Z,54.966883,25.346733,30,1300
2019-03-05T18:17:54.000Z,54.973817,25.372067,30,1300
2019-03-05T18:17:54.000Z,54.973817,25.372067,30,1300
2019-03-05T18:17:54.000Z,54.973817,25.372067,30,1300
2019-03-05T18:29:19.000Z,54.98685,25.423167000000007,30,1100
2019-03-05T18:29:19.000Z,54.98685,25.423167000000007,30,1100
2019-03-05T18:29:19.000Z,54.98685,25.423167000000007,30,1100
2019-03-05T18:30:18.000Z,54.987883,25.42765,30,1100
2019-03-05T18:30:18.000Z,54.987883,25.42765,30,1100
2019-03-05T18:30:18.000Z,54.987883,25.42765,30,1100
2019-03-05T18:36:49.000Z,54.99376700000001,25.457533,30,900
2019-03-05T18:36:49.000Z,54.99376700000001,25.457533,30,900
2019-03-05T18:36:49.000Z,54.99376700000001,25.457533,30,900
2019-03-05T18:43:56.000Z,54.999833,25.48915,30,900
2019-03-05T18:43:56.000Z,54.999833,25.48915,30,900
2019-03-05T18:43:56.000Z,54.999833,25.48915,30,900
2019-03-05T18:47:19.000Z,55.002783,25.50455,30,900
2019-03-05T18:47:19.000Z,55.002783,25.50455,30,900
2019-03-05T18:47:19.000Z,55.002783,25.50455,30,900
2019-03-05T19:02:18.000Z,55.027947,25.568827,30,3200
2019-03-05T19:02:18.000Z,55.027947,25.568827,30,3200
2019-03-05T19:02:18.000Z,55.027947,25.568827,30,3200
2019-03-05T19:41:59.000Z,55.172747,25.691067,30,4200
2019-03-05T19:41:59.000Z,55.172747,25.691067,30,4200
2019-03-05T19:41:59.000Z,55.172747,25.691067,30,4200
2019-03-05T19:42:48.000Z,55.17544,25.69376,30,4200
2019-03-05T19:42:48.000Z,55.17544,25.69376,30,4200
2019-03-05T19:42:48.000Z,55.17544,25.69376,30,4200
2019-03-05T19:50:49.000Z,55.203147,25.720213,30,4300
2019-03-05T19:50:49.000Z,55.203147,25.720213,30,4300
2019-03-05T19:50:49.000Z,55.203147,25.720213,30,4300
2019-03-05T19:58:52.000Z,55.231013,25.74664,30,4300
2019-03-05T19:58:52.000Z,55.231013,25.74664,30,4300
2019-03-05T19:58:52.000Z,55.231013,25.74664,30,4300
2019-03-05T20:10:01.000Z,55.26951700000001,25.784033,30,3900
2019-03-05T20:10:01.000Z,55.26951700000001,25.784033,30,3900
2019-03-05T20:10:01.000Z,55.26951700000001,25.784033,30,3900
2019-03-05T20:15:13.000Z,55.28641700000001,25.802383,30,4000
2019-03-05T20:15:13.000Z,55.28641700000001,25.802383,30,4000
2019-03-05T20:15:13.000Z,55.28641700000001,25.802383,30,4000
2019-03-05T22:09:32.000Z,55.741883,26.113483,30,5400
2019-03-05T22:09:32.000Z,55.741883,26.113483,30,5400
2019-03-05T22:09:32.000Z,55.741883,26.113483,30,5400
2019-03-05T22:29:07.000Z,55.823633,26.1691,31,5000
2019-03-05T22:29:07.000Z,55.823633,26.1691,31,5000
2019-03-05T22:29:07.000Z,55.823633,26.1691,31,5000
2019-03-05T22:35:44.000Z,55.85036700000001,26.188833,30,5000
2019-03-05T22:35:44.000Z,55.85036700000001,26.188833,30,5000
2019-03-05T22:35:44.000Z,55.85036700000001,26.188833,30,5000
2019-03-06T00:26:39.000Z,56.3305,26.491517,32,5100
2019-03-06T00:26:39.000Z,56.3305,26.491517,32,5100
2019-03-06T00:26:39.000Z,56.3305,26.491517,32,5100
2019-03-06T04:31:33.000Z,56.812783,25.706217,28,16400
2019-03-06T04:31:33.000Z,56.812783,25.706217,28,16400
2019-03-06T04:31:33.000Z,56.812783,25.706217,28,16400
2019-03-06T05:47:09.000Z,56.894,25.375147,30,17400
2019-03-06T05:47:09.000Z,56.894,25.375147,30,17400
2019-03-06T05:47:09.000Z,56.894,25.375147,30,17400
2019-03-06T06:00:56.000Z,56.9005,25.311083,30,17400
2019-03-06T06:00:56.000Z,56.9005,25.311083,30,17400
2019-03-06T06:00:56.000Z,56.9005,25.311083,30,17400
2019-03-06T06:10:43.000Z,56.90485,25.265333,31,17500
2019-03-06T06:10:43.000Z,56.90485,25.265333,31,17500
2019-03-06T06:10:43.000Z,56.90485,25.265333,31,17500
2019-03-06T10:21:56.000Z,57.838433,24.57715,33,12400
2019-03-06T10:21:56.000Z,57.838433,24.57715,33,12400
2019-03-06T10:21:56.000Z,57.838433,24.57715,33,12400
2019-03-06T15:22:14.000Z,59.097117,23.687983,31,13800
2019-03-06T15:22:14.000Z,59.097117,23.687983,31,13800
2019-03-06T15:22:14.000Z,59.097117,23.687983,31,13800
2019-03-06T16:46:06.000Z,59.35970699999999,23.359067,33,14500
2019-03-06T16:46:06.000Z,59.35970699999999,23.359067,33,14500
2019-03-06T16:46:06.000Z,59.35970699999999,23.359067,33,14500
2019-03-06T18:00:46.000Z,59.597013,23.05568,33,14100
2019-03-06T18:00:46.000Z,59.597013,23.05568,33,14100
2019-03-06T18:00:46.000Z,59.597013,23.05568,33,14100
2019-03-06T18:10:25.000Z,59.630067,23.017733,32,14100
2019-03-06T18:10:25.000Z,59.630067,23.017733,32,14100
2019-03-06T18:10:25.000Z,59.630067,23.017733,32,14100
2019-03-06T19:05:52.000Z,59.8017,22.799867000000006,32,14800
2019-03-06T19:05:52.000Z,59.8017,22.799867000000006,32,14800
2019-03-06T19:05:52.000Z,59.8017,22.799867000000006,32,14800
2019-03-06T19:08:30.000Z,59.80866700000001,22.78928,32,14800
2019-03-06T19:08:30.000Z,59.80866700000001,22.78928,32,14800
2019-03-06T19:08:30.000Z,59.80866700000001,22.78928,32,14800
2019-03-06T19:31:50.000Z,59.87161700000001,22.6944,31,14800
2019-03-06T19:31:50.000Z,59.87161700000001,22.6944,31,14800
2019-03-06T19:31:50.000Z,59.87161700000001,22.6944,31,14800
2019-03-06T21:01:05.000Z,59.994917,22.323967,29,18700
2019-03-06T21:01:05.000Z,59.994917,22.323967,29,18700
2019-03-06T21:01:05.000Z,59.994917,22.323967,29,18700
2019-03-06T22:20:53.000Z,59.87,21.98584,30,18700
2019-03-06T22:20:53.000Z,59.87,21.98584,30,18700
2019-03-06T22:20:53.000Z,59.87,21.98584,30,18700
2019-03-06T22:36:50.000Z,59.85429300000001,21.913147,30,19400
2019-03-06T22:36:50.000Z,59.85429300000001,21.913147,30,19400
2019-03-06T22:36:50.000Z,59.85429300000001,21.913147,30,19400
2019-03-07T00:16:31.000Z,59.691813,21.470027,31,20000
2019-03-07T00:16:31.000Z,59.691813,21.470027,31,20000
2019-03-07T00:16:31.000Z,59.691813,21.470027,31,20000
2019-03-07T04:08:13.000Z,59.117783,20.493517,33,20600
2019-03-07T04:08:13.000Z,59.117783,20.493517,33,20600
2019-03-07T04:08:13.000Z,59.117783,20.493517,33,20600
2019-03-07T05:45:41.000Z,58.897893,20.035467,33,20600
2019-03-07T05:45:41.000Z,58.897893,20.035467,33,20600
2019-03-07T05:45:41.000Z,58.897893,20.035467,33,20600
2019-03-07T06:01:12.000Z,58.862187,19.965733,33,20500
2019-03-07T06:01:12.000Z,58.862187,19.965733,33,20500
2019-03-07T06:01:12.000Z,58.862187,19.965733,33,20500
2019-03-07T06:47:41.000Z,58.745013,19.76408,32,20800
2019-03-07T06:47:41.000Z,58.745013,19.76408,32,20800
2019-03-07T06:47:41.000Z,58.745013,19.76408,32,20800
2019-03-07T07:02:10.000Z,58.709413,19.702827,32,20800
2019-03-07T07:02:10.000Z,58.709413,19.702827,32,20800
2019-03-07T07:02:10.000Z,58.709413,19.702827,32,20800
2019-03-07T08:09:32.000Z,58.537813,19.422907,31,22000
2019-03-07T08:09:32.000Z,58.537813,19.422907,31,22000
2019-03-07T08:09:32.000Z,58.537813,19.422907,31,22000
2019-03-07T08:37:42.000Z,58.440373,19.325013,31,22500
2019-03-07T08:37:42.000Z,58.440373,19.325013,31,22500
2019-03-07T08:37:42.000Z,58.440373,19.325013,31,22500
2019-03-07T09:45:20.000Z,58.20664,19.091413,31,22300
2019-03-07T09:45:20.000Z,58.20664,19.091413,31,22300
2019-03-07T09:45:20.000Z,58.20664,19.091413,31,22300
2019-03-07T09:51:51.000Z,58.18368,19.068773,31,22400
2019-03-07T09:51:51.000Z,58.18368,19.068773,31,22400
2019-03-07T09:51:51.000Z,58.18368,19.068773,31,22400
2019-03-07T09:56:10.000Z,58.16832,19.053653,31,22400
2019-03-07T09:56:10.000Z,58.16832,19.053653,31,22400
2019-03-07T09:56:10.000Z,58.16832,19.053653,31,22400
2019-03-07T10:14:19.000Z,58.1044,18.991093,31,22400
2019-03-07T10:14:19.000Z,58.1044,18.991093,31,22400
2019-03-07T10:14:19.000Z,58.1044,18.991093,31,22400
2019-03-07T11:16:05.000Z,57.88968000000001,18.778613,31,22300
2019-03-07T11:16:05.000Z,57.88968000000001,18.778613,31,22300
2019-03-07T11:16:05.000Z,57.88968000000001,18.778613,31,22300
2019-03-07T11:16:10.000Z,57.889493,18.778427,31,22300
2019-03-07T11:16:10.000Z,57.889493,18.778427,31,22300
2019-03-07T11:16:10.000Z,57.889493,18.778427,31,22300
2019-03-07T13:57:56.000Z,57.3438,18.202033,31,21800
2019-03-07T13:57:56.000Z,57.3438,18.202033,31,21800
2019-03-07T13:57:56.000Z,57.3438,18.202033,31,21800
2019-03-07T15:57:02.000Z,56.97145,17.757617,31,21600
2019-03-07T15:57:02.000Z,56.97145,17.757617,31,21600
2019-03-07T15:57:02.000Z,56.97145,17.757617,31,21600
2019-03-07T16:19:26.000Z,56.90473299999999,17.670817,31,21500
2019-03-07T16:19:26.000Z,56.90473299999999,17.670817,31,21500
2019-03-07T16:19:26.000Z,56.90473299999999,17.670817,31,21500
2019-03-07T16:19:50.000Z,56.903567,17.669267,31,21500
2019-03-07T16:19:50.000Z,56.903567,17.669267,31,21500
2019-03-07T16:19:50.000Z,56.903567,17.669267,31,21500
2019-03-07T17:01:37.000Z,56.77465,17.5149,30,22500
2019-03-07T17:01:37.000Z,56.77465,17.5149,30,22500
2019-03-07T17:01:37.000Z,56.77465,17.5149,30,22500
2019-03-07T17:39:59.000Z,56.638827,17.391413,30,22600
2019-03-07T17:39:59.000Z,56.638827,17.391413,30,22600
2019-03-07T17:39:59.000Z,56.638827,17.391413,30,22600
2019-03-07T18:06:48.000Z,56.539733,17.312517,30,23800
2019-03-07T18:06:48.000Z,56.539733,17.312517,30,23800
2019-03-07T18:06:48.000Z,56.539733,17.312517,30,23800
2019-03-07T18:21:42.000Z,56.478427,17.278347,30,23800
2019-03-07T18:21:42.000Z,56.478427,17.278347,30,23800
2019-03-07T18:21:42.000Z,56.478427,17.278347,30,23800
2019-03-07T18:28:17.000Z,56.45036700000001,17.26215,30,23800
2019-03-07T18:28:17.000Z,56.45036700000001,17.26215,30,23800
2019-03-07T18:28:17.000Z,56.45036700000001,17.26215,30,23800
2019-03-07T18:37:11.000Z,56.412773,17.240586999999998,30,23900
2019-03-07T18:37:11.000Z,56.412773,17.240586999999998,30,23900
2019-03-07T18:37:11.000Z,56.412773,17.240586999999998,30,23900
2019-03-07T18:38:46.000Z,56.406773,17.237092999999998,30,23800
2019-03-07T18:38:46.000Z,56.406773,17.237092999999998,30,23800
2019-03-07T18:38:46.000Z,56.406773,17.237092999999998,30,23800
2019-03-07T18:44:01.000Z,56.385767,17.224982999999998,30,23800
2019-03-07T18:44:01.000Z,56.385767,17.224982999999998,30,23800
2019-03-07T18:44:01.000Z,56.385767,17.224982999999998,30,23800
2019-03-07T19:16:30.000Z,56.251093,17.148453,30,23900
2019-03-07T19:16:30.000Z,56.251093,17.148453,30,23900
2019-03-07T19:16:30.000Z,56.251093,17.148453,30,23900
2019-03-07T19:22:07.000Z,56.22752,17.135307,30,24000
2019-03-07T19:22:07.000Z,56.22752,17.135307,30,24000
2019-03-07T19:22:07.000Z,56.22752,17.135307,30,24000
2019-03-07T19:45:53.000Z,56.12586700000001,17.07936,31,24000
2019-03-07T19:45:53.000Z,56.12586700000001,17.07936,31,24000
2019-03-07T19:45:53.000Z,56.12586700000001,17.07936,31,24000
2019-03-07T20:10:06.000Z,56.02136700000001,17.023882999999998,31,24100
2019-03-07T20:10:06.000Z,56.02136700000001,17.023882999999998,31,24100
2019-03-07T20:10:06.000Z,56.02136700000001,17.023882999999998,31,24100
2019-03-07T20:12:22.000Z,56.01088000000001,17.018320000000006,32,24000
2019-03-07T20:12:22.000Z,56.01088000000001,17.018320000000006,32,24000
2019-03-07T20:12:22.000Z,56.01088000000001,17.018320000000006,32,24000
2019-03-07T21:38:07.000Z,55.62066700000001,16.835627,32,24500
2019-03-07T21:38:07.000Z,55.62066700000001,16.835627,32,24500
2019-03-07T21:38:07.000Z,55.62066700000001,16.835627,32,24500
2019-03-07T21:57:49.000Z,55.528453000000006,16.796027,32,24600
2019-03-07T21:57:49.000Z,55.528453000000006,16.796027,32,24600
2019-03-07T21:57:49.000Z,55.528453000000006,16.796027,32,24600
2019-03-07T23:12:46.000Z,55.17471999999999,16.643493,33,24400
2019-03-07T23:12:46.000Z,55.17471999999999,16.643493,33,24400
2019-03-07T23:12:46.000Z,55.17471999999999,16.643493,33,24400
2019-03-07T23:31:31.000Z,55.086133,16.603227,33,24400
2019-03-07T23:31:31.000Z,55.086133,16.603227,33,24400
2019-03-07T23:31:31.000Z,55.086133,16.603227,33,24400
2019-03-07T23:55:42.000Z,54.9717,16.55145,33,24500
2019-03-07T23:55:42.000Z,54.9717,16.55145,33,24500
2019-03-07T23:55:42.000Z,54.9717,16.55145,33,24500
2019-03-08T03:56:50.000Z,53.80504000000001,15.9648,35,24600
2019-03-08T03:56:50.000Z,53.80504000000001,15.9648,35,24600
2019-03-08T03:56:50.000Z,53.80504000000001,15.9648,35,24600
2019-03-08T04:10:49.000Z,53.7354,15.935717000000002,35,24600
2019-03-08T04:10:49.000Z,53.7354,15.935717000000002,35,24600
2019-03-08T04:10:49.000Z,53.7354,15.935717000000002,35,24600
2019-03-08T04:14:37.000Z,53.71591700000001,15.927567000000002,35,24600
2019-03-08T04:14:37.000Z,53.71591700000001,15.927567000000002,35,24600
2019-03-08T04:14:37.000Z,53.71591700000001,15.927567000000002,35,24600
2019-03-08T04:21:56.000Z,53.67875,15.912167000000002,35,24600
2019-03-08T04:21:56.000Z,53.67875,15.912167000000002,35,24600
2019-03-08T04:21:56.000Z,53.67875,15.912167000000002,35,24600
2019-03-08T04:27:22.000Z,53.651417,15.90095,35,24700
2019-03-08T04:27:22.000Z,53.651417,15.90095,35,24700
2019-03-08T04:27:22.000Z,53.651417,15.90095,35,24700
2019-03-08T04:55:03.000Z,53.511217,15.843067,35,24700
2019-03-08T04:55:03.000Z,53.511217,15.843067,35,24700
2019-03-08T04:55:03.000Z,53.511217,15.843067,35,24700
2019-03-08T05:29:34.000Z,53.337413,15.773547,34,24700
2019-03-08T05:29:34.000Z,53.337413,15.773547,34,24700
2019-03-08T05:29:34.000Z,53.337413,15.773547,34,24700
2019-03-08T05:47:31.000Z,53.2484,15.738987,34,24800
2019-03-08T05:47:31.000Z,53.2484,15.738987,34,24800
2019-03-08T05:47:31.000Z,53.2484,15.738987,34,24800
2019-03-08T06:02:05.000Z,53.1753,15.7088,34,24600
2019-03-08T06:02:05.000Z,53.1753,15.7088,34,24600
2019-03-08T06:02:05.000Z,53.1753,15.7088,34,24600
2019-03-08T06:10:24.000Z,53.13488,15.69184,34,24600
2019-03-08T06:10:24.000Z,53.13488,15.69184,34,24600
2019-03-08T06:10:24.000Z,53.13488,15.69184,34,24600
2019-03-08T06:20:34.000Z,53.084183,15.670317,34,24600
2019-03-08T06:20:34.000Z,53.084183,15.670317,34,24600
2019-03-08T06:20:34.000Z,53.084183,15.670317,34,24600
2019-03-08T06:26:16.000Z,53.055787,15.65816,34,24600
2019-03-08T06:26:16.000Z,53.055787,15.65816,34,24600
2019-03-08T06:26:16.000Z,53.055787,15.65816,34,24600
2019-03-08T06:27:23.000Z,53.050507,15.655920000000002,34,24600
2019-03-08T06:27:23.000Z,53.050507,15.655920000000002,34,24600
2019-03-08T06:27:23.000Z,53.050507,15.655920000000002,34,24600
2019-03-08T06:42:21.000Z,52.97776,15.625147,34,24600
2019-03-08T06:42:21.000Z,52.97776,15.625147,34,24600
2019-03-08T06:42:21.000Z,52.97776,15.625147,34,24600
2019-03-08T06:52:02.000Z,52.931013,15.605413,34,24600
2019-03-08T06:52:02.000Z,52.931013,15.605413,34,24600
2019-03-08T06:52:02.000Z,52.931013,15.605413,34,24600
2019-03-08T06:54:38.000Z,52.91829300000001,15.600079999999998,34,24600
2019-03-08T06:54:38.000Z,52.91829300000001,15.600079999999998,34,24600
2019-03-08T06:54:38.000Z,52.91829300000001,15.600079999999998,34,24600
2019-03-08T08:12:37.000Z,52.539573,15.447547,34,24600
2019-03-08T08:12:37.000Z,52.539573,15.447547,34,24600
2019-03-08T08:12:37.000Z,52.539573,15.447547,34,24600
2019-03-08T08:18:22.000Z,52.511147,15.435147,34,24500
2019-03-08T08:18:22.000Z,52.511147,15.435147,34,24500
2019-03-08T08:18:22.000Z,52.511147,15.435147,34,24500
2019-03-08T08:42:07.000Z,52.39448,15.383253,34,24400
2019-03-08T08:42:07.000Z,52.39448,15.383253,34,24400
2019-03-08T08:42:07.000Z,52.39448,15.383253,34,24400
2019-03-08T08:44:57.000Z,52.380027,15.3764,34,24400
2019-03-08T08:44:57.000Z,52.380027,15.3764,34,24400
2019-03-08T08:44:57.000Z,52.380027,15.3764,34,24400
2019-03-08T09:15:13.000Z,52.238773,15.307867000000002,33,24300
2019-03-08T09:15:13.000Z,52.238773,15.307867000000002,33,24300
2019-03-08T09:15:13.000Z,52.238773,15.307867000000002,33,24300
2019-03-08T09:20:01.000Z,52.215947,15.296933,33,24300
2019-03-08T09:20:01.000Z,52.215947,15.296933,33,24300
2019-03-08T09:20:01.000Z,52.215947,15.296933,33,24300
2019-03-08T09:31:43.000Z,52.16096,15.270667,33,24400
2019-03-08T09:31:43.000Z,52.16096,15.270667,33,24400
2019-03-08T09:31:43.000Z,52.16096,15.270667,33,24400
2019-03-08T09:58:50.000Z,52.033893,15.212879999999998,33,24500
2019-03-08T09:58:50.000Z,52.033893,15.212879999999998,33,24500
2019-03-08T09:58:50.000Z,52.033893,15.212879999999998,33,24500
2019-03-08T10:00:02.000Z,52.02816,15.210347,33,24500
2019-03-08T10:00:02.000Z,52.02816,15.210347,33,24500
2019-03-08T10:00:02.000Z,52.02816,15.210347,33,24500
2019-03-08T10:10:57.000Z,51.976983,15.187767,33,24500
2019-03-08T10:10:57.000Z,51.976983,15.187767,33,24500
2019-03-08T10:10:57.000Z,51.976983,15.187767,33,24500
2019-03-08T10:22:04.000Z,51.923767,15.164682999999998,33,24600
2019-03-08T10:22:04.000Z,51.923767,15.164682999999998,33,24600
2019-03-08T10:22:04.000Z,51.923767,15.164682999999998,33,24600
2019-03-08T10:46:50.000Z,51.804747,15.112987,33,24500
2019-03-08T10:46:50.000Z,51.804747,15.112987,33,24500
2019-03-08T10:46:50.000Z,51.804747,15.112987,33,24500
2019-03-08T10:50:34.000Z,51.78648,15.105013,33,24500
2019-03-08T10:50:34.000Z,51.78648,15.105013,33,24500
2019-03-08T10:50:34.000Z,51.78648,15.105013,33,24500
2019-03-08T13:15:22.000Z,51.125917,14.81205,31,24400
2019-03-08T13:15:22.000Z,51.125917,14.81205,31,24400
2019-03-08T13:15:22.000Z,51.125917,14.81205,31,24400
2019-03-08T15:01:09.000Z,50.654517,14.6031,32,24600
2019-03-08T15:01:09.000Z,50.654517,14.6031,32,24600
2019-03-08T15:01:09.000Z,50.654517,14.6031,32,24600
2019-03-08T15:39:10.000Z,50.477983,14.530133,32,24700
2019-03-08T15:39:10.000Z,50.477983,14.530133,32,24700
2019-03-08T15:39:10.000Z,50.477983,14.530133,32,24700
2019-03-08T15:43:40.000Z,50.457317,14.5217,32,24700
2019-03-08T15:43:40.000Z,50.457317,14.5217,32,24700
2019-03-08T15:43:40.000Z,50.457317,14.5217,32,24700
2019-03-08T15:49:56.000Z,50.426853,14.509332999999998,32,24700
2019-03-08T15:49:56.000Z,50.426853,14.509332999999998,32,24700
2019-03-08T15:49:56.000Z,50.426853,14.509332999999998,32,24700
2019-03-08T16:15:40.000Z,50.307133,14.461033,32,24700
2019-03-08T16:15:40.000Z,50.307133,14.461033,32,24700
2019-03-08T16:15:40.000Z,50.307133,14.461033,32,24700
2019-03-08T16:25:37.000Z,50.260083,14.442167,32,24700
2019-03-08T16:25:37.000Z,50.260083,14.442167,32,24700
2019-03-08T16:25:37.000Z,50.260083,14.442167,32,24700
2019-03-08T16:30:19.000Z,50.237167,14.432917000000002,32,24700
2019-03-08T16:30:19.000Z,50.237167,14.432917000000002,32,24700
2019-03-08T16:30:19.000Z,50.237167,14.432917000000002,32,24700
2019-03-08T16:37:15.000Z,50.204833,14.419817000000002,32,24700
2019-03-08T16:37:15.000Z,50.204833,14.419817000000002,32,24700
2019-03-08T16:37:15.000Z,50.204833,14.419817000000002,32,24700
2019-03-08T16:38:15.000Z,50.200917,14.418217000000002,32,24700
2019-03-08T16:38:15.000Z,50.200917,14.418217000000002,32,24700
2019-03-08T16:38:15.000Z,50.200917,14.418217000000002,32,24700
2019-03-08T17:25:49.000Z,49.976613,14.325787,32,24500
2019-03-08T17:25:49.000Z,49.976613,14.325787,32,24500
2019-03-08T17:25:49.000Z,49.976613,14.325787,32,24500
2019-03-08T18:00:48.000Z,49.816853,14.256479999999998,32,24500
2019-03-08T18:00:48.000Z,49.816853,14.256479999999998,32,24500
2019-03-08T18:00:48.000Z,49.816853,14.256479999999998,32,24500
2019-03-08T18:15:16.000Z,49.749573,14.225093,32,24400
2019-03-08T18:15:16.000Z,49.749573,14.225093,32,24400
2019-03-08T18:15:16.000Z,49.749573,14.225093,32,24400
2019-03-08T18:16:16.000Z,49.745093,14.223013,32,24400
2019-03-08T18:16:16.000Z,49.745093,14.223013,32,24400
2019-03-08T18:16:16.000Z,49.745093,14.223013,32,24400
2019-03-08T18:26:22.000Z,49.69975,14.20175,32,24400
2019-03-08T18:26:22.000Z,49.69975,14.20175,32,24400
2019-03-08T18:26:22.000Z,49.69975,14.20175,32,24400
2019-03-08T18:33:57.000Z,49.665093,14.185387,32,24300
2019-03-08T18:33:57.000Z,49.665093,14.185387,32,24300
2019-03-08T18:33:57.000Z,49.665093,14.185387,32,24300
2019-03-08T18:54:52.000Z,49.569653,14.140187,32,24400
2019-03-08T18:54:52.000Z,49.569653,14.140187,32,24400
2019-03-08T18:54:52.000Z,49.569653,14.140187,32,24400
2019-03-08T19:00:31.000Z,49.544293,14.128347,32,24400
2019-03-08T19:00:31.000Z,49.544293,14.128347,32,24400
2019-03-08T19:00:31.000Z,49.544293,14.128347,32,24400
2019-03-08T19:00:37.000Z,49.54368,14.128053,32,24400
2019-03-08T19:00:37.000Z,49.54368,14.128053,32,24400
2019-03-08T19:00:37.000Z,49.54368,14.128053,32,24400
2019-03-08T19:06:40.000Z,49.516017,14.1151,32,24400
2019-03-08T19:06:40.000Z,49.516017,14.1151,32,24400
2019-03-08T19:06:40.000Z,49.516017,14.1151,32,24400
2019-03-08T19:13:41.000Z,49.4847,14.100517000000002,32,24400
2019-03-08T19:13:41.000Z,49.4847,14.100517000000002,32,24400
2019-03-08T19:13:41.000Z,49.4847,14.100517000000002,32,24400
2019-03-08T19:16:36.000Z,49.471417,14.0943,32,24400
2019-03-08T19:16:36.000Z,49.471417,14.0943,32,24400
2019-03-08T19:16:36.000Z,49.471417,14.0943,32,24400
2019-03-08T19:26:41.000Z,49.424507,14.072453,32,24400
2019-03-08T19:26:41.000Z,49.424507,14.072453,32,24400
2019-03-08T19:26:41.000Z,49.424507,14.072453,32,24400
2019-03-08T19:31:12.000Z,49.40365300000001,14.06304,32,24600
2019-03-08T19:31:12.000Z,49.40365300000001,14.06304,32,24600
2019-03-08T19:31:12.000Z,49.40365300000001,14.06304,32,24600
2019-03-08T19:54:58.000Z,49.293547,14.015547,32,24600
2019-03-08T19:54:58.000Z,49.293547,14.015547,32,24600
2019-03-08T19:54:58.000Z,49.293547,14.015547,32,24600
2019-03-08T20:00:17.000Z,49.268667,14.004827,32,24600
2019-03-08T20:00:17.000Z,49.268667,14.004827,32,24600
2019-03-08T20:00:17.000Z,49.268667,14.004827,32,24600
2019-03-08T20:07:36.000Z,49.235013,13.990427,32,24600
2019-03-08T20:07:36.000Z,49.235013,13.990427,32,24600
2019-03-08T20:07:36.000Z,49.235013,13.990427,32,24600
2019-03-08T20:12:48.000Z,49.21072,13.98,32,24600
2019-03-08T20:12:48.000Z,49.21072,13.98,32,24600
2019-03-08T20:12:48.000Z,49.21072,13.98,32,24600
2019-03-08T20:17:06.000Z,49.190853,13.971467,32,24600
2019-03-08T20:17:06.000Z,49.190853,13.971467,32,24600
2019-03-08T20:17:06.000Z,49.190853,13.971467,32,24600
2019-03-08T20:42:49.000Z,49.070293,13.91976,33,24500
2019-03-08T20:42:49.000Z,49.070293,13.91976,33,24500
2019-03-08T20:42:49.000Z,49.070293,13.91976,33,24500
2019-03-08T21:22:40.000Z,48.88315,13.836932999999998,33,24500
2019-03-08T21:22:40.000Z,48.88315,13.836932999999998,33,24500
2019-03-08T21:22:40.000Z,48.88315,13.836932999999998,33,24500
2019-03-08T21:39:57.000Z,48.803333,13.801017000000002,32,24400
2019-03-08T21:39:57.000Z,48.803333,13.801017000000002,32,24400
2019-03-08T21:39:57.000Z,48.803333,13.801017000000002,32,24400
2019-03-08T21:46:12.000Z,48.774533,13.78784,32,24400
2019-03-08T21:46:12.000Z,48.774533,13.78784,32,24400
2019-03-08T21:46:12.000Z,48.774533,13.78784,32,24400
2019-03-08T21:57:51.000Z,48.720633,13.765517,32,24800
2019-03-08T21:57:51.000Z,48.720633,13.765517,32,24800
2019-03-08T21:57:51.000Z,48.720633,13.765517,32,24800
2019-03-08T22:12:58.000Z,48.6506,13.738167,32,24700
2019-03-08T22:12:58.000Z,48.6506,13.738167,32,24700
2019-03-08T22:12:58.000Z,48.6506,13.738167,32,24700
2019-03-08T22:28:52.000Z,48.57672,13.709413,32,24800
2019-03-08T22:28:52.000Z,48.57672,13.709413,32,24800
2019-03-08T22:28:52.000Z,48.57672,13.709413,32,24800
2019-03-08T22:32:58.000Z,48.557733,13.70208,32,24800
2019-03-08T22:32:58.000Z,48.557733,13.70208,32,24800
2019-03-08T22:32:58.000Z,48.557733,13.70208,32,24800
2019-03-08T22:38:38.000Z,48.531627,13.692427,32,24800
2019-03-08T22:38:38.000Z,48.531627,13.692427,32,24800
2019-03-08T22:38:38.000Z,48.531627,13.692427,32,24800
2019-03-08T22:43:38.000Z,48.5084,13.683893,32,24900
2019-03-08T22:43:38.000Z,48.5084,13.683893,32,24900
2019-03-08T22:43:38.000Z,48.5084,13.683893,32,24900
2019-03-08T22:51:42.000Z,48.47016,13.66976,32,24900
2019-03-08T22:51:42.000Z,48.47016,13.66976,32,24900
2019-03-08T22:51:42.000Z,48.47016,13.66976,32,24900
2019-03-08T23:15:20.000Z,48.359627,13.629067,32,24900
2019-03-08T23:15:20.000Z,48.359627,13.629067,32,24900
2019-03-08T23:15:20.000Z,48.359627,13.629067,32,24900
2019-03-08T23:16:32.000Z,48.353893,13.62696,32,24900
2019-03-08T23:16:32.000Z,48.353893,13.62696,32,24900
2019-03-08T23:16:32.000Z,48.353893,13.62696,32,24900
2019-03-08T23:38:26.000Z,48.25205,13.590567000000002,32,25000
2019-03-08T23:38:26.000Z,48.25205,13.590567000000002,32,25000
2019-03-08T23:38:26.000Z,48.25205,13.590567000000002,32,25000
2019-03-08T23:38:43.000Z,48.250867,13.59015,32,25000
2019-03-08T23:38:43.000Z,48.250867,13.59015,32,25000
2019-03-08T23:38:43.000Z,48.250867,13.59015,32,25000
2019-03-09T00:07:47.000Z,48.1124,13.541867000000002,32,24900
2019-03-09T00:07:47.000Z,48.1124,13.541867000000002,32,24900
2019-03-09T00:07:47.000Z,48.1124,13.541867000000002,32,24900
2019-03-09T01:22:02.000Z,47.751333,13.410082999999998,34,24800
2019-03-09T01:22:02.000Z,47.751333,13.410082999999998,34,24800
2019-03-09T01:22:02.000Z,47.751333,13.410082999999998,34,24800
2019-03-09T01:25:31.000Z,47.733933,13.403467,34,24800
2019-03-09T01:25:31.000Z,47.733933,13.403467,34,24800
2019-03-09T01:25:31.000Z,47.733933,13.403467,34,24800
2019-03-09T02:54:39.000Z,47.2847,13.22465,35,24700
2019-03-09T02:54:39.000Z,47.2847,13.22465,35,24700
2019-03-09T02:54:39.000Z,47.2847,13.22465,35,24700
2019-03-09T02:55:38.000Z,47.279533,13.22255,35,24700
2019-03-09T02:55:38.000Z,47.279533,13.22255,35,24700
2019-03-09T02:55:38.000Z,47.279533,13.22255,35,24700
2019-03-09T03:29:03.000Z,47.109967,13.152567,35,24600
2019-03-09T03:29:03.000Z,47.109967,13.152567,35,24600
2019-03-09T03:29:03.000Z,47.109967,13.152567,35,24600
2019-03-09T03:44:01.000Z,47.0346,13.1203,35,24500
2019-03-09T03:44:01.000Z,47.0346,13.1203,35,24500
2019-03-09T03:44:01.000Z,47.0346,13.1203,35,24500
2019-03-09T03:58:15.000Z,46.963667,13.089733,35,24600
2019-03-09T03:58:15.000Z,46.963667,13.089733,35,24600
2019-03-09T03:58:15.000Z,46.963667,13.089733,35,24600
2019-03-09T04:02:33.000Z,46.942083,13.080367,35,24600
2019-03-09T04:02:33.000Z,46.942083,13.080367,35,24600
2019-03-09T04:02:33.000Z,46.942083,13.080367,35,24600
2019-03-09T04:37:21.000Z,46.768833,13.0045,34,24500
2019-03-09T04:37:21.000Z,46.768833,13.0045,34,24500
2019-03-09T04:37:21.000Z,46.768833,13.0045,34,24500
2019-03-09T04:43:24.000Z,46.7391,12.991233,34,24500
2019-03-09T04:43:24.000Z,46.7391,12.991233,34,24500
2019-03-09T04:43:24.000Z,46.7391,12.991233,34,24500
2019-03-09T04:47:50.000Z,46.7177,12.981733,34,24500
2019-03-09T04:47:50.000Z,46.7177,12.981733,34,24500
2019-03-09T04:47:50.000Z,46.7177,12.981733,34,24500
2019-03-09T05:11:49.000Z,46.600773,12.929867,34,24400
2019-03-09T05:11:49.000Z,46.600773,12.929867,34,24400
2019-03-09T05:11:49.000Z,46.600773,12.929867,34,24400
2019-03-09T05:13:19.000Z,46.593653,12.926613,34,24500
2019-03-09T05:13:19.000Z,46.593653,12.926613,34,24500
2019-03-09T05:13:19.000Z,46.593653,12.926613,34,24500
2019-03-09T05:30:14.000Z,46.5136,12.891083,33,24600
2019-03-09T05:30:14.000Z,46.5136,12.891083,33,24600
2019-03-09T05:30:14.000Z,46.5136,12.891083,33,24600
2019-03-09T05:33:38.000Z,46.497533,12.884133,33,24600
2019-03-09T05:33:38.000Z,46.497533,12.884133,33,24600
2019-03-09T05:33:38.000Z,46.497533,12.884133,33,24600
2019-03-09T05:51:17.000Z,46.415627,12.84816,33,24500
2019-03-09T05:51:17.000Z,46.415627,12.84816,33,24500
2019-03-09T05:51:17.000Z,46.415627,12.84816,33,24500
2019-03-09T06:05:58.000Z,46.346027,12.817893,32,24600
2019-03-09T06:05:58.000Z,46.346027,12.817893,32,24600
2019-03-09T06:05:58.000Z,46.346027,12.817893,32,24600
2019-03-09T06:30:21.000Z,46.2356,12.770933,31,24500
2019-03-09T06:30:21.000Z,46.2356,12.770933,31,24500
2019-03-09T06:30:21.000Z,46.2356,12.770933,31,24500
2019-03-09T06:30:33.000Z,46.2348,12.77056,31,24500
2019-03-09T06:30:33.000Z,46.2348,12.77056,31,24500
2019-03-09T06:30:33.000Z,46.2348,12.77056,31,24500
2019-03-09T06:37:20.000Z,46.204917,12.756383,31,24300
2019-03-09T06:37:20.000Z,46.204917,12.756383,31,24300
2019-03-09T06:37:20.000Z,46.204917,12.756383,31,24300
2019-03-09T06:43:49.000Z,46.176517,12.74265,31,24400
2019-03-09T06:43:49.000Z,46.176517,12.74265,31,24400
2019-03-09T06:43:49.000Z,46.176517,12.74265,31,24400
2019-03-09T06:49:07.000Z,46.154027,12.732,31,24400
2019-03-09T06:49:07.000Z,46.154027,12.732,31,24400
2019-03-09T06:49:07.000Z,46.154027,12.732,31,24400
2019-03-09T07:01:26.000Z,46.098827,12.70648,31,24500
2019-03-09T07:01:26.000Z,46.098827,12.70648,31,24500
2019-03-09T07:01:26.000Z,46.098827,12.70648,31,24500
2019-03-09T07:07:01.000Z,46.073893,12.695227,31,24500
2019-03-09T07:07:01.000Z,46.073893,12.695227,31,24500
2019-03-09T07:07:01.000Z,46.073893,12.695227,31,24500
2019-03-09T07:13:38.000Z,46.04335,12.6842,31,25100
2019-03-09T07:13:38.000Z,46.04335,12.6842,31,25100
2019-03-09T07:13:38.000Z,46.04335,12.6842,31,25100
2019-03-09T07:25:11.000Z,45.99128,12.66704,31,25100
2019-03-09T07:25:11.000Z,45.99128,12.66704,31,25100
2019-03-09T07:25:11.000Z,45.99128,12.66704,31,25100
2019-03-09T07:31:24.000Z,45.961147,12.65736,31,25200
2019-03-09T07:31:24.000Z,45.961147,12.65736,31,25200
2019-03-09T07:31:24.000Z,45.961147,12.65736,31,25200
2019-03-09T07:37:03.000Z,45.93472,12.649067,31,25200
2019-03-09T07:37:03.000Z,45.93472,12.649067,31,25200
2019-03-09T07:37:03.000Z,45.93472,12.649067,31,25200
2019-03-09T07:39:41.000Z,45.922613,12.645307,31,25200
2019-03-09T07:39:41.000Z,45.922613,12.645307,31,25200
2019-03-09T07:39:41.000Z,45.922613,12.645307,31,25200
2019-03-09T08:12:25.000Z,45.770347,12.599813,31,25300
2019-03-09T08:12:25.000Z,45.770347,12.599813,31,25300
2019-03-09T08:12:25.000Z,45.770347,12.599813,31,25300
2019-03-09T08:18:13.000Z,45.743547,12.591973,31,25300
2019-03-09T08:18:13.000Z,45.743547,12.591973,31,25300
2019-03-09T08:18:13.000Z,45.743547,12.591973,31,25300
2019-03-09T08:23:27.000Z,45.719583,12.584967,31,25300
2019-03-09T08:23:27.000Z,45.719583,12.584967,31,25300
2019-03-09T08:23:27.000Z,45.719583,12.584967,31,25300
2019-03-09T08:43:54.000Z,45.62496,12.55736,31,25300
2019-03-09T08:43:54.000Z,45.62496,12.55736,31,25300
2019-03-09T08:43:54.000Z,45.62496,12.55736,31,25300
2019-03-09T08:52:11.000Z,45.585413,12.545573,31,25200
2019-03-09T08:52:11.000Z,45.585413,12.545573,31,25200
2019-03-09T08:52:11.000Z,45.585413,12.545573,31,25200
2019-03-09T08:55:44.000Z,45.569387,12.54152,31,25500
2019-03-09T08:55:44.000Z,45.569387,12.54152,31,25500
2019-03-09T08:55:44.000Z,45.569387,12.54152,31,25500
2019-03-09T09:19:08.000Z,45.458107,12.51576,31,25600
2019-03-09T09:19:08.000Z,45.458107,12.51576,31,25600
2019-03-09T09:19:08.000Z,45.458107,12.51576,31,25600
2019-03-09T09:27:09.000Z,45.42055,12.50725,31,25700
2019-03-09T09:27:09.000Z,45.42055,12.50725,31,25700
2019-03-09T09:27:09.000Z,45.42055,12.50725,31,25700
2019-03-09T09:59:10.000Z,45.267267,12.473417,31,25700
2019-03-09T09:59:10.000Z,45.267267,12.473417,31,25700
2019-03-09T09:59:10.000Z,45.267267,12.473417,31,25700
2019-03-09T10:11:09.000Z,45.209227,12.461067,32,25700
2019-03-09T10:11:09.000Z,45.209227,12.461067,32,25700
2019-03-09T10:11:09.000Z,45.209227,12.461067,32,25700
2019-03-09T10:18:13.000Z,45.17536,12.453893,32,25800
2019-03-09T10:18:13.000Z,45.17536,12.453893,32,25800
2019-03-09T10:18:13.000Z,45.17536,12.453893,32,25800
2019-03-09T10:24:08.000Z,45.147227,12.447973,32,25700
2019-03-09T10:24:08.000Z,45.147227,12.447973,32,25700
2019-03-09T10:24:08.000Z,45.147227,12.447973,32,25700
2019-03-09T10:30:13.000Z,45.11712,12.441653,32,25700
2019-03-09T10:30:13.000Z,45.11712,12.441653,32,25700
2019-03-09T10:30:13.000Z,45.11712,12.441653,32,25700
2019-03-09T10:33:09.000Z,45.103133,12.438767,32,25800
2019-03-09T10:33:09.000Z,45.103133,12.438767,32,25800
2019-03-09T10:33:09.000Z,45.103133,12.438767,32,25800
2019-03-09T10:43:32.000Z,45.0521,12.428133,32,25800
2019-03-09T10:43:32.000Z,45.0521,12.428133,32,25800
2019-03-09T10:43:32.000Z,45.0521,12.428133,32,25800
2019-03-09T10:48:43.000Z,45.0268,12.422933,32,25800
2019-03-09T10:48:43.000Z,45.0268,12.422933,32,25800
2019-03-09T10:48:43.000Z,45.0268,12.422933,32,25800
2019-03-09T10:53:56.000Z,45.00128,12.417733,32,25800
2019-03-09T10:53:56.000Z,45.00128,12.417733,32,25800
2019-03-09T10:53:56.000Z,45.00128,12.417733,32,25800
2019-03-09T10:55:25.000Z,44.993947,12.41624,32,25800
2019-03-09T10:55:25.000Z,44.993947,12.41624,32,25800
2019-03-09T10:55:25.000Z,44.993947,12.41624,32,25800
2019-03-09T12:15:28.000Z,44.587307,12.37968,34,26600
2019-03-09T12:15:28.000Z,44.587307,12.37968,34,26600
2019-03-09T12:15:28.000Z,44.587307,12.37968,34,26600
2019-03-09T12:15:39.000Z,44.586267,12.379617,34,26600
2019-03-09T12:15:39.000Z,44.586267,12.379617,34,26600
2019-03-09T12:15:39.000Z,44.586267,12.379617,34,26600
2019-03-09T12:52:03.000Z,44.395417,12.380483,34,27100
2019-03-09T12:52:03.000Z,44.395417,12.380483,34,27100
2019-03-09T12:52:03.000Z,44.395417,12.380483,34,27100
2019-03-09T14:07:15.000Z,43.999767,12.407017,33,27700
2019-03-09T14:07:15.000Z,43.999767,12.407017,33,27700
2019-03-09T14:07:15.000Z,43.999767,12.407017,33,27700
2019-03-09T14:38:09.000Z,43.841617,12.43605,33,28500
2019-03-09T14:38:09.000Z,43.841617,12.43605,33,28500
2019-03-09T14:38:09.000Z,43.841617,12.43605,33,28500
2019-03-09T15:16:27.000Z,43.656883,12.499533,32,29100
2019-03-09T15:16:27.000Z,43.656883,12.499533,32,29100
2019-03-09T15:16:27.000Z,43.656883,12.499533,32,29100
2019-03-09T15:25:38.000Z,43.6135,12.515717,32,29000
2019-03-09T15:25:38.000Z,43.6135,12.515717,32,29000
2019-03-09T15:25:38.000Z,43.6135,12.515717,32,29000
2019-03-09T15:36:51.000Z,43.560783,12.535267,32,29000
2019-03-09T15:36:51.000Z,43.560783,12.535267,32,29000
2019-03-09T15:36:51.000Z,43.560783,12.535267,32,29000
2019-03-09T15:42:26.000Z,43.534717,12.544983,32,29100
2019-03-09T15:42:26.000Z,43.534717,12.544983,32,29100
2019-03-09T15:42:26.000Z,43.534717,12.544983,32,29100
2019-03-09T15:44:32.000Z,43.524867,12.5487,32,29000
2019-03-09T15:44:32.000Z,43.524867,12.5487,32,29000
2019-03-09T15:44:32.000Z,43.524867,12.5487,32,29000
2019-03-09T15:54:14.000Z,43.479217,12.565767,32,29000
2019-03-09T15:54:14.000Z,43.479217,12.565767,32,29000
2019-03-09T15:54:14.000Z,43.479217,12.565767,32,29000
2019-03-09T15:58:27.000Z,43.459933,12.57395,32,29500
2019-03-09T15:58:27.000Z,43.459933,12.57395,32,29500
2019-03-09T15:58:27.000Z,43.459933,12.57395,32,29500
2019-03-09T16:13:27.000Z,43.397217,12.613983,32,30800
2019-03-09T16:13:27.000Z,43.397217,12.613983,32,30800
2019-03-09T16:13:27.000Z,43.397217,12.613983,32,30800
2019-03-09T16:19:40.000Z,43.373633,12.63345,31,31500
2019-03-09T16:19:40.000Z,43.373633,12.63345,31,31500
2019-03-09T16:19:40.000Z,43.373633,12.63345,31,31500
2019-03-09T16:21:52.000Z,43.36605,12.64075,31,31500
2019-03-09T16:21:52.000Z,43.36605,12.64075,31,31500
2019-03-09T16:21:52.000Z,43.36605,12.64075,31,31500
2019-03-09T16:29:03.000Z,43.347267,12.66955,32,33200
2019-03-09T16:29:03.000Z,43.347267,12.66955,32,33200
2019-03-09T16:29:03.000Z,43.347267,12.66955,32,33200
2019-03-09T16:46:51.000Z,43.305867,12.747517,32,33200
2019-03-09T16:46:51.000Z,43.305867,12.747517,32,33200
2019-03-09T16:46:51.000Z,43.305867,12.747517,32,33200
2019-03-09T16:59:02.000Z,43.277417,12.802267,33,33300
2019-03-09T16:59:02.000Z,43.277417,12.802267,33,33300
2019-03-09T16:59:02.000Z,43.277417,12.802267,33,33300
2019-03-09T17:04:19.000Z,43.264983,12.82625,33,33300
2019-03-09T17:04:19.000Z,43.264983,12.82625,33,33300
2019-03-09T17:04:19.000Z,43.264983,12.82625,33,33300
2019-03-09T17:08:02.000Z,43.255973,12.843627,33,33300
2019-03-09T17:08:02.000Z,43.255973,12.843627,33,33300
2019-03-09T17:08:02.000Z,43.255973,12.843627,33,33300
2019-03-09T17:40:27.000Z,43.185667,12.9919,34,33500
2019-03-09T17:40:27.000Z,43.185667,12.9919,34,33500
2019-03-09T17:40:27.000Z,43.185667,12.9919,34,33500
2019-03-09T17:44:38.000Z,43.176367,13.011367,34,33400
2019-03-09T17:44:38.000Z,43.176367,13.011367,34,33400
2019-03-09T17:44:38.000Z,43.176367,13.011367,34,33400
2019-03-09T17:54:21.000Z,43.15368,13.05656,33,33000
2019-03-09T17:54:21.000Z,43.15368,13.05656,33,33000
2019-03-09T17:54:21.000Z,43.15368,13.05656,33,33000
2019-03-09T18:10:14.000Z,43.11488,13.126613,33,33300
2019-03-09T18:10:14.000Z,43.11488,13.126613,33,33300
2019-03-09T18:10:14.000Z,43.11488,13.126613,33,33300
2019-03-09T18:25:05.000Z,43.080783,13.194467,33,33300
2019-03-09T18:25:05.000Z,43.080783,13.194467,33,33300
2019-03-09T18:25:05.000Z,43.080783,13.194467,33,33300
2019-03-09T18:25:53.000Z,43.078983,13.198033,33,33300
2019-03-09T18:25:53.000Z,43.078983,13.198033,33,33300
2019-03-09T18:25:53.000Z,43.078983,13.198033,33,33300
2019-03-09T18:34:20.000Z,43.05928,13.235173,32,32100
2019-03-09T18:34:20.000Z,43.05928,13.235173,32,32100
2019-03-09T18:34:20.000Z,43.05928,13.235173,32,32100
2019-03-09T18:40:27.000Z,43.035813,13.257279999999998,32,31300
2019-03-09T18:40:27.000Z,43.035813,13.257279999999998,32,31300
2019-03-09T18:40:27.000Z,43.035813,13.257279999999998,32,31300
2019-03-09T18:45:25.000Z,43.018183,13.273867,32,31200
2019-03-09T18:45:25.000Z,43.018183,13.273867,32,31200
2019-03-09T18:45:25.000Z,43.018183,13.273867,32,31200
2019-03-09T18:53:02.000Z,42.98976,13.299573,33,31200
2019-03-09T18:53:02.000Z,42.98976,13.299573,33,31200
2019-03-09T18:53:02.000Z,42.98976,13.299573,33,31200
2019-03-09T18:59:20.000Z,42.965367,13.32125,33,31000
2019-03-09T18:59:20.000Z,42.965367,13.32125,33,31000
2019-03-09T18:59:20.000Z,42.965367,13.32125,33,31000
2019-03-09T19:15:59.000Z,42.900933,13.375467,33,31000
2019-03-09T19:15:59.000Z,42.900933,13.375467,33,31000
2019-03-09T19:15:59.000Z,42.900933,13.375467,33,31000
2019-03-09T19:17:47.000Z,42.893867,13.38144,33,31000
2019-03-09T19:17:47.000Z,42.893867,13.38144,33,31000
2019-03-09T19:17:47.000Z,42.893867,13.38144,33,31000
2019-03-09T19:26:55.000Z,42.85696,13.412293,33,31000
2019-03-09T19:26:55.000Z,42.85696,13.412293,33,31000
2019-03-09T19:26:55.000Z,42.85696,13.412293,33,31000
2019-03-09T19:32:47.000Z,42.834,13.43144,32,31000
2019-03-09T19:32:47.000Z,42.834,13.43144,32,31000
2019-03-09T19:32:47.000Z,42.834,13.43144,32,31000
2019-03-09T19:38:00.000Z,42.812507,13.446,32,30400
2019-03-09T19:38:00.000Z,42.812507,13.446,32,30400
2019-03-09T19:38:00.000Z,42.812507,13.446,32,30400
2019-03-09T19:38:47.000Z,42.80912,13.448213,32,30300
2019-03-09T19:38:47.000Z,42.80912,13.448213,32,30300
2019-03-09T19:38:47.000Z,42.80912,13.448213,32,30300
2019-03-09T19:47:33.000Z,42.77136,13.471253,33,30100
2019-03-09T19:47:33.000Z,42.77136,13.471253,33,30100
2019-03-09T19:47:33.000Z,42.77136,13.471253,33,30100
2019-03-09T19:55:51.000Z,42.73656,13.492826999999998,33,30300
2019-03-09T19:55:51.000Z,42.73656,13.492826999999998,33,30300
2019-03-09T19:55:51.000Z,42.73656,13.492826999999998,33,30300
2019-03-09T20:01:17.000Z,42.713917,13.508783,33,30600
2019-03-09T20:01:17.000Z,42.713917,13.508783,33,30600
2019-03-09T20:01:17.000Z,42.713917,13.508783,33,30600
2019-03-09T20:05:40.000Z,42.694693,13.522747,33,30800
2019-03-09T20:05:40.000Z,42.694693,13.522747,33,30800
2019-03-09T20:05:40.000Z,42.694693,13.522747,33,30800
2019-03-09T20:11:24.000Z,42.672667,13.540117,32,30900
2019-03-09T20:11:24.000Z,42.672667,13.540117,32,30900
2019-03-09T20:11:24.000Z,42.672667,13.540117,32,30900
2019-03-09T20:13:41.000Z,42.663707,13.54728,32,30900
2019-03-09T20:13:41.000Z,42.663707,13.54728,32,30900
2019-03-09T20:13:41.000Z,42.663707,13.54728,32,30900
2019-03-09T20:16:29.000Z,42.65304,13.556427,32,31400
2019-03-09T20:16:29.000Z,42.65304,13.556427,32,31400
2019-03-09T20:16:29.000Z,42.65304,13.556427,32,31400
2019-03-09T20:18:28.000Z,42.646347,13.563947,32,32300
2019-03-09T20:18:28.000Z,42.646347,13.563947,32,32300
2019-03-09T20:18:28.000Z,42.646347,13.563947,32,32300
2019-03-09T20:18:34.000Z,42.646053,13.564347,32,32400
2019-03-09T20:18:34.000Z,42.646053,13.564347,32,32400
2019-03-09T20:18:34.000Z,42.646053,13.564347,32,32400
2019-03-09T20:26:59.000Z,42.626467,13.6026,32,33700
2019-03-09T20:26:59.000Z,42.626467,13.6026,32,33700
2019-03-09T20:26:59.000Z,42.626467,13.6026,32,33700
2019-03-09T20:28:37.000Z,42.623533,13.609317,32,33600
2019-03-09T20:28:37.000Z,42.623533,13.609317,32,33600
2019-03-09T20:28:37.000Z,42.623533,13.609317,32,33600
2019-03-09T20:41:13.000Z,42.599493,13.666133,32,33700
2019-03-09T20:41:13.000Z,42.599493,13.666133,32,33700
2019-03-09T20:41:13.000Z,42.599493,13.666133,32,33700
2019-03-09T20:47:12.000Z,42.588213,13.692692999999998,32,33700
2019-03-09T20:47:12.000Z,42.588213,13.692692999999998,32,33700
2019-03-09T20:47:12.000Z,42.588213,13.692692999999998,32,33700
2019-03-09T20:49:15.000Z,42.583707,13.7024,31,33300
2019-03-09T20:49:15.000Z,42.583707,13.7024,31,33300
2019-03-09T20:49:15.000Z,42.583707,13.7024,31,33300
2019-03-09T21:13:13.000Z,42.529947,13.805067,31,33200
2019-03-09T21:13:13.000Z,42.529947,13.805067,31,33200
2019-03-09T21:13:13.000Z,42.529947,13.805067,31,33200
2019-03-09T21:33:46.000Z,42.4829,13.89175,32,33200
2019-03-09T21:33:46.000Z,42.4829,13.89175,32,33200
2019-03-09T21:33:46.000Z,42.4829,13.89175,32,33200
2019-03-09T22:08:51.000Z,42.401683,14.041932999999998,32,33200
2019-03-09T22:08:51.000Z,42.401683,14.041932999999998,32,33200
2019-03-09T22:08:51.000Z,42.401683,14.041932999999998,32,33200
2019-03-09T22:13:56.000Z,42.38992,14.063733,32,33100
2019-03-09T22:13:56.000Z,42.38992,14.063733,32,33100
2019-03-09T22:13:56.000Z,42.38992,14.063733,32,33100
2019-03-09T22:19:30.000Z,42.376853,14.087067,32,33100
2019-03-09T22:19:30.000Z,42.376853,14.087067,32,33100
2019-03-09T22:19:30.000Z,42.376853,14.087067,32,33100
2019-03-09T22:25:16.000Z,42.363,14.111683,32,33100
2019-03-09T22:25:16.000Z,42.363,14.111683,32,33100
2019-03-09T22:25:16.000Z,42.363,14.111683,32,33100
2019-03-09T22:33:13.000Z,42.3436,14.145920000000002,31,33100
2019-03-09T22:33:13.000Z,42.3436,14.145920000000002,31,33100
2019-03-09T22:33:13.000Z,42.3436,14.145920000000002,31,33100
2019-03-09T22:37:48.000Z,42.332827,14.1652,31,33100
2019-03-09T22:37:48.000Z,42.332827,14.1652,31,33100
2019-03-09T22:37:48.000Z,42.332827,14.1652,31,33100
2019-03-09T22:44:28.000Z,42.31765,14.192067000000002,31,33000
2019-03-09T22:44:28.000Z,42.31765,14.192067000000002,31,33000
2019-03-09T22:44:28.000Z,42.31765,14.192067000000002,31,33000
2019-03-09T22:53:37.000Z,42.29615,14.230217,31,33200
2019-03-09T22:53:37.000Z,42.29615,14.230217,31,33200
2019-03-09T22:53:37.000Z,42.29615,14.230217,31,33200
2019-03-09T23:17:46.000Z,42.241667,14.330433,30,33100
2019-03-09T23:17:46.000Z,42.241667,14.330433,30,33100
2019-03-09T23:17:46.000Z,42.241667,14.330433,30,33100
2019-03-09T23:27:24.000Z,42.219173,14.369413,30,33000
2019-03-09T23:27:24.000Z,42.219173,14.369413,30,33000
2019-03-09T23:27:24.000Z,42.219173,14.369413,30,33000
2019-03-09T23:43:01.000Z,42.18208,14.433173000000002,31,33000
2019-03-09T23:43:01.000Z,42.18208,14.433173000000002,31,33000
2019-03-09T23:43:01.000Z,42.18208,14.433173000000002,31,33000
2019-03-09T23:50:11.000Z,42.165,14.46305,30,33100
2019-03-09T23:50:11.000Z,42.165,14.46305,30,33100
2019-03-09T23:50:11.000Z,42.165,14.46305,30,33100
2019-03-09T23:51:53.000Z,42.161017,14.46995,30,33000
2019-03-09T23:51:53.000Z,42.161017,14.46995,30,33000
2019-03-09T23:51:53.000Z,42.161017,14.46995,30,33000
2019-03-10T00:02:52.000Z,42.13608,14.513333,30,33000
2019-03-10T00:02:52.000Z,42.13608,14.513333,30,33000
2019-03-10T00:02:52.000Z,42.13608,14.513333,30,33000
2019-03-10T00:04:35.000Z,42.13208,14.520427,30,33100
2019-03-10T00:04:35.000Z,42.13208,14.520427,30,33100
2019-03-10T00:04:35.000Z,42.13208,14.520427,30,33100
2019-03-10T00:37:19.000Z,42.056917,14.656883,31,33000
2019-03-10T00:37:19.000Z,42.056917,14.656883,31,33000
2019-03-10T00:37:19.000Z,42.056917,14.656883,31,33000
2019-03-10T02:23:05.000Z,41.799083,15.101883,31,32800
2019-03-10T02:23:05.000Z,41.799083,15.101883,31,32800
2019-03-10T02:23:05.000Z,41.799083,15.101883,31,32800
2019-03-10T02:32:22.000Z,41.776417,15.139283,31,33100
2019-03-10T02:32:22.000Z,41.776417,15.139283,31,33100
2019-03-10T02:32:22.000Z,41.776417,15.139283,31,33100
2019-03-10T02:53:26.000Z,41.7267,15.226083,30,33000
2019-03-10T02:53:26.000Z,41.7267,15.226083,30,33000
2019-03-10T02:53:26.000Z,41.7267,15.226083,30,33000
2019-03-10T03:40:46.000Z,41.611383,15.418067,31,32800
2019-03-10T03:40:46.000Z,41.611383,15.418067,31,32800
2019-03-10T03:40:46.000Z,41.611383,15.418067,31,32800
2019-03-10T04:11:03.000Z,41.53805,15.540783,31,33300
2019-03-10T04:11:03.000Z,41.53805,15.540783,31,33300
2019-03-10T04:11:03.000Z,41.53805,15.540783,31,33300
2019-03-10T04:14:33.000Z,41.530567,15.5556,31,33400
2019-03-10T04:14:33.000Z,41.530567,15.5556,31,33400
2019-03-10T04:14:33.000Z,41.530567,15.5556,31,33400
2019-03-10T04:54:13.000Z,41.444507,15.718053,29,32900
2019-03-10T04:54:13.000Z,41.444507,15.718053,29,32900
2019-03-10T04:54:13.000Z,41.444507,15.718053,29,32900
2019-03-10T05:19:06.000Z,41.37865,15.805667,29,31800
2019-03-10T05:19:06.000Z,41.37865,15.805667,29,31800
2019-03-10T05:19:06.000Z,41.37865,15.805667,29,31800
2019-03-10T05:22:13.000Z,41.36915,15.81595,29,31800
2019-03-10T05:22:13.000Z,41.36915,15.81595,29,31800
2019-03-10T05:22:13.000Z,41.36915,15.81595,29,31800
2019-03-10T05:53:00.000Z,41.270367,15.918,30,31600
2019-03-10T05:53:00.000Z,41.270367,15.918,30,31600
2019-03-10T05:53:00.000Z,41.270367,15.918,30,31600
2019-03-10T05:53:54.000Z,41.267333,15.9211,30,31600
2019-03-10T05:53:54.000Z,41.267333,15.9211,30,31600
2019-03-10T05:53:54.000Z,41.267333,15.9211,30,31600
2019-03-10T06:19:57.000Z,41.18013300000001,16.011387,31,31700
2019-03-10T06:19:57.000Z,41.18013300000001,16.011387,31,31700
2019-03-10T06:19:57.000Z,41.18013300000001,16.011387,31,31700
2019-03-10T06:39:25.000Z,41.11696,16.079279999999994,31,31800
2019-03-10T06:39:25.000Z,41.11696,16.079279999999994,31,31800
2019-03-10T06:39:25.000Z,41.11696,16.079279999999994,31,31800
2019-03-10T06:43:18.000Z,41.10405,16.093317000000006,31,31800
2019-03-10T06:43:18.000Z,41.10405,16.093317000000006,31,31800
2019-03-10T06:43:18.000Z,41.10405,16.093317000000006,31,31800
2019-03-10T07:11:39.000Z,41.01408,16.193493,30,32000
2019-03-10T07:11:39.000Z,41.01408,16.193493,30,32000
2019-03-10T07:11:39.000Z,41.01408,16.193493,30,32000
2019-03-10T07:27:45.000Z,40.965067,16.250907,30,32000
2019-03-10T07:27:45.000Z,40.965067,16.250907,30,32000
2019-03-10T07:27:45.000Z,40.965067,16.250907,30,32000
2019-03-10T07:35:15.000Z,40.94232,16.27736,30,31800
2019-03-10T07:35:15.000Z,40.94232,16.27736,30,31800
2019-03-10T07:35:15.000Z,40.94232,16.27736,30,31800
2019-03-10T07:37:18.000Z,40.935617,16.284667000000002,30,31800
2019-03-10T07:37:18.000Z,40.935617,16.284667000000002,30,31800
2019-03-10T07:37:18.000Z,40.935617,16.284667000000002,30,31800
2019-03-10T08:18:42.000Z,40.805033,16.433117000000006,30,31900
2019-03-10T08:18:42.000Z,40.805033,16.433117000000006,30,31900
2019-03-10T08:18:42.000Z,40.805033,16.433117000000006,30,31900
2019-03-10T08:23:11.000Z,40.791013,16.448667,30,31900
2019-03-10T08:23:11.000Z,40.791013,16.448667,30,31900
2019-03-10T08:23:11.000Z,40.791013,16.448667,30,31900
2019-03-10T08:28:28.000Z,40.774293,16.467333,30,31900
2019-03-10T08:28:28.000Z,40.774293,16.467333,30,31900
2019-03-10T08:28:28.000Z,40.774293,16.467333,30,31900
2019-03-10T08:28:40.000Z,40.773653,16.468027,30,31900
2019-03-10T08:28:40.000Z,40.773653,16.468027,30,31900
2019-03-10T08:28:40.000Z,40.773653,16.468027,30,31900
2019-03-10T08:45:09.000Z,40.7223,16.525067,30,31800
2019-03-10T08:45:09.000Z,40.7223,16.525067,30,31800
2019-03-10T08:45:09.000Z,40.7223,16.525067,30,31800
2019-03-10T08:49:05.000Z,40.70888,16.5384,29,31000
2019-03-10T08:49:05.000Z,40.70888,16.5384,29,31000
2019-03-10T08:49:05.000Z,40.70888,16.5384,29,31000
2019-03-10T08:51:42.000Z,40.700027,16.544613000000002,29,30600
2019-03-10T08:51:42.000Z,40.700027,16.544613000000002,29,30600
2019-03-10T08:51:42.000Z,40.700027,16.544613000000002,29,30600
2019-03-10T09:03:09.000Z,40.656183,16.575132999999994,30,30500
2019-03-10T09:03:09.000Z,40.656183,16.575132999999994,30,30500
2019-03-10T09:03:09.000Z,40.656183,16.575132999999994,30,30500
2019-03-10T09:23:49.000Z,40.5748,16.627947,30,30300
2019-03-10T09:23:49.000Z,40.5748,16.627947,30,30300
2019-03-10T09:23:49.000Z,40.5748,16.627947,30,30300
2019-03-10T09:28:34.000Z,40.556267,16.63976,30,30300
2019-03-10T09:28:34.000Z,40.556267,16.63976,30,30300
2019-03-10T09:28:34.000Z,40.556267,16.63976,30,30300
2019-03-10T09:36:39.000Z,40.52465,16.659882999999994,30,30300
2019-03-10T09:36:39.000Z,40.52465,16.659882999999994,30,30300
2019-03-10T09:36:39.000Z,40.52465,16.659882999999994,30,30300
2019-03-10T09:45:37.000Z,40.488587,16.682827,30,30300
2019-03-10T09:45:37.000Z,40.488587,16.682827,30,30300
2019-03-10T09:45:37.000Z,40.488587,16.682827,30,30300
2019-03-10T09:50:38.000Z,40.469227,16.6952,30,30300
2019-03-10T09:50:38.000Z,40.469227,16.6952,30,30300
2019-03-10T09:50:38.000Z,40.469227,16.6952,30,30300
2019-03-10T09:57:25.000Z,40.441467,16.710587,30,29600
2019-03-10T09:57:25.000Z,40.441467,16.710587,30,29600
2019-03-10T09:57:25.000Z,40.441467,16.710587,30,29600
2019-03-10T10:02:21.000Z,40.38736,16.735332999999994,30,29500
2019-03-10T10:02:21.000Z,40.38736,16.735332999999994,30,29500
2019-03-10T10:02:21.000Z,40.38736,16.735332999999994,30,29500
2019-03-10T10:08:43.000Z,40.392907,16.732827,30,29500
2019-03-10T10:08:43.000Z,40.392907,16.732827,30,29500
2019-03-10T10:08:43.000Z,40.392907,16.732827,30,29500
2019-03-10T10:13:43.000Z,40.371467,16.74256,30,29500
2019-03-10T10:13:43.000Z,40.371467,16.74256,30,29500
2019-03-10T10:13:43.000Z,40.371467,16.74256,30,29500
2019-03-10T10:46:34.000Z,40.234367,16.8044,24,29400
2019-03-10T10:46:34.000Z,40.234367,16.8044,24,29400
2019-03-10T10:46:34.000Z,40.234367,16.8044,24,29400
2019-03-10T11:00:14.000Z,40.189227,16.824427,19,29400
2019-03-10T11:00:14.000Z,40.189227,16.824427,19,29400
2019-03-10T11:00:14.000Z,40.189227,16.824427,19,29400
2019-03-10T15:21:51.000Z,39.834083,17.827783,29,34200
2019-03-10T15:21:51.000Z,39.834083,17.827783,29,34200
2019-03-10T15:21:51.000Z,39.834083,17.827783,29,34200
2019-03-10T17:04:57.000Z,39.675833,18.253583,29,34100
2019-03-10T17:04:57.000Z,39.675833,18.253583,29,34100
2019-03-10T17:04:57.000Z,39.675833,18.253583,29,34100
2019-03-10T17:33:27.000Z,39.63903300000001,18.3749,29,34500
2019-03-10T17:33:27.000Z,39.63903300000001,18.3749,29,34500
2019-03-10T17:33:27.000Z,39.63903300000001,18.3749,29,34500
2019-03-10T17:35:27.000Z,39.6367,18.383467,29,34500
2019-03-10T17:35:27.000Z,39.6367,18.383467,29,34500
2019-03-10T17:35:27.000Z,39.6367,18.383467,29,34500
2019-03-10T18:14:33.000Z,39.5887,18.550483,29,34400
2019-03-10T18:14:33.000Z,39.5887,18.550483,29,34400
2019-03-10T18:14:33.000Z,39.5887,18.550483,29,34400
2019-03-10T18:14:46.000Z,39.588427,18.551333,29,34400
2019-03-10T18:14:46.000Z,39.588427,18.551333,29,34400
2019-03-10T18:14:46.000Z,39.588427,18.551333,29,34400
2019-03-10T18:23:08.000Z,39.577867,18.58728,29,34400
2019-03-10T18:23:08.000Z,39.577867,18.58728,29,34400
2019-03-10T18:23:08.000Z,39.577867,18.58728,29,34400
2019-03-10T18:26:02.000Z,39.574267,18.599627,29,34400
2019-03-10T18:26:02.000Z,39.574267,18.599627,29,34400
2019-03-10T18:26:02.000Z,39.574267,18.599627,29,34400
2019-03-10T19:06:47.000Z,39.522283,18.772517,30,34100
2019-03-10T19:06:47.000Z,39.522283,18.772517,30,34100
2019-03-10T19:06:47.000Z,39.522283,18.772517,30,34100
2019-03-10T19:11:53.000Z,39.514817,18.7941,30,34100
2019-03-10T19:11:53.000Z,39.514817,18.7941,30,34100
2019-03-10T19:11:53.000Z,39.514817,18.7941,30,34100
2019-03-10T19:15:37.000Z,39.509093,18.81056,30,34100
2019-03-10T19:15:37.000Z,39.509093,18.81056,30,34100
2019-03-10T19:15:37.000Z,39.509093,18.81056,30,34100
2019-03-10T19:25:57.000Z,39.493067,18.85584,30,34100
2019-03-10T19:25:57.000Z,39.493067,18.85584,30,34100
2019-03-10T19:25:57.000Z,39.493067,18.85584,30,34100
2019-03-10T19:33:02.000Z,39.482267,18.886453,30,34100
2019-03-10T19:33:02.000Z,39.482267,18.886453,30,34100
2019-03-10T19:33:02.000Z,39.482267,18.886453,30,34100
2019-03-10T19:49:21.000Z,39.457267,18.958133,30,34100
2019-03-10T19:49:21.000Z,39.457267,18.958133,30,34100
2019-03-10T19:49:21.000Z,39.457267,18.958133,30,34100
2019-03-10T19:56:06.000Z,39.447483,18.98755,30,34300
2019-03-10T19:56:06.000Z,39.447483,18.98755,30,34300
2019-03-10T19:56:06.000Z,39.447483,18.98755,30,34300
2019-03-10T20:46:47.000Z,39.3772,19.20865,30,34300
2019-03-10T20:46:47.000Z,39.3772,19.20865,30,34300
2019-03-10T20:46:47.000Z,39.3772,19.20865,30,34300
2019-03-10T20:52:12.000Z,39.369653,19.233093,30,34300
2019-03-10T20:52:12.000Z,39.369653,19.233093,30,34300
2019-03-10T20:52:12.000Z,39.369653,19.233093,30,34300
2019-03-10T21:26:51.000Z,39.322883,19.39015,31,34400
2019-03-10T21:26:51.000Z,39.322883,19.39015,31,34400
2019-03-10T21:26:51.000Z,39.322883,19.39015,31,34400
2019-03-10T21:45:34.000Z,39.29678300000001,19.476167,31,34200
2019-03-10T21:45:34.000Z,39.29678300000001,19.476167,31,34200
2019-03-10T21:45:34.000Z,39.29678300000001,19.476167,31,34200
2019-03-10T22:02:21.000Z,39.271083,19.552183,31,34100
2019-03-10T22:02:21.000Z,39.271083,19.552183,31,34100
2019-03-10T22:02:21.000Z,39.271083,19.552183,31,34100
2019-03-10T22:20:38.000Z,39.243,19.633917,31,34200
2019-03-10T22:20:38.000Z,39.243,19.633917,31,34200
2019-03-10T22:20:38.000Z,39.243,19.633917,31,34200
2019-03-10T22:49:20.000Z,39.19896,19.760667,30,34000
2019-03-10T22:49:20.000Z,39.19896,19.760667,30,34000
2019-03-10T22:49:20.000Z,39.19896,19.760667,30,34000
2019-03-10T22:56:03.000Z,39.188267,19.789683,30,34000
2019-03-10T22:56:03.000Z,39.188267,19.789683,30,34000
2019-03-10T22:56:03.000Z,39.188267,19.789683,30,34000
2019-03-10T23:05:36.000Z,39.17205300000001,19.831493,30,33800
2019-03-10T23:05:36.000Z,39.17205300000001,19.831493,30,33800
2019-03-10T23:05:36.000Z,39.17205300000001,19.831493,30,33800
2019-03-10T23:14:33.000Z,39.156383,19.868917,29,33800
2019-03-10T23:14:33.000Z,39.156383,19.868917,29,33800
2019-03-10T23:14:33.000Z,39.156383,19.868917,29,33800
2019-03-10T23:27:00.000Z,39.134747,19.920613,29,33800
2019-03-10T23:27:00.000Z,39.134747,19.920613,29,33800
2019-03-10T23:27:00.000Z,39.134747,19.920613,29,33800
2019-03-10T23:32:54.000Z,39.124133,19.945387,29,33700
2019-03-10T23:32:54.000Z,39.124133,19.945387,29,33700
2019-03-10T23:32:54.000Z,39.124133,19.945387,29,33700
2019-03-10T23:52:57.000Z,39.087833,20.0293,30,33700
2019-03-10T23:52:57.000Z,39.087833,20.0293,30,33700
2019-03-10T23:52:57.000Z,39.087833,20.0293,30,33700
2019-03-11T00:01:22.000Z,39.07265,20.06475,29,33700
2019-03-11T00:01:22.000Z,39.07265,20.06475,29,33700
2019-03-11T00:01:22.000Z,39.07265,20.06475,29,33700
2019-03-11T00:58:09.000Z,39.017183,20.3189,30,35000
2019-03-11T00:58:09.000Z,39.017183,20.3189,30,35000
2019-03-11T00:58:09.000Z,39.017183,20.3189,30,35000
2019-03-11T01:03:22.000Z,39.013083,20.341817,30,35000
2019-03-11T01:03:22.000Z,39.013083,20.341817,30,35000
2019-03-11T01:03:22.000Z,39.013083,20.341817,30,35000
2019-03-11T01:33:27.000Z,38.9901,20.475933,29,35000
2019-03-11T01:33:27.000Z,38.9901,20.475933,29,35000
2019-03-11T01:33:27.000Z,38.9901,20.475933,29,35000
2019-03-11T01:43:40.000Z,38.98145,20.522067,30,34900
2019-03-11T01:43:40.000Z,38.98145,20.522067,30,34900
2019-03-11T01:43:40.000Z,38.98145,20.522067,30,34900
2019-03-11T02:36:58.000Z,38.932117,20.7646,30,35000
2019-03-11T02:36:58.000Z,38.932117,20.7646,30,35000
2019-03-11T02:36:58.000Z,38.932117,20.7646,30,35000
2019-03-11T02:45:39.000Z,38.926017,20.803417,29,35100
2019-03-11T02:45:39.000Z,38.926017,20.803417,29,35100
2019-03-11T02:45:39.000Z,38.926017,20.803417,29,35100
2019-03-11T02:53:16.000Z,38.920683,20.837267,29,35100
2019-03-11T02:53:16.000Z,38.920683,20.837267,29,35100
2019-03-11T02:53:16.000Z,38.920683,20.837267,29,35100
2019-03-11T03:33:10.000Z,38.92015,21.023333,32,35900
2019-03-11T03:33:10.000Z,38.92015,21.023333,32,35900
2019-03-11T03:33:10.000Z,38.92015,21.023333,32,35900
2019-03-11T03:42:28.000Z,38.919733,21.068567,32,35900
2019-03-11T03:42:28.000Z,38.919733,21.068567,32,35900
2019-03-11T03:42:28.000Z,38.919733,21.068567,32,35900
2019-03-11T03:45:21.000Z,38.919517,21.082617000000006,32,35900
2019-03-11T03:45:21.000Z,38.919517,21.082617000000006,32,35900
2019-03-11T03:45:21.000Z,38.919517,21.082617000000006,32,35900
2019-03-11T05:00:29.000Z,38.982433,21.42645,25,1700
2019-03-11T05:00:29.000Z,38.982433,21.42645,25,1700
2019-03-11T05:00:29.000Z,38.982433,21.42645,25,1700
2019-03-11T05:02:05.000Z,38.98495,21.431933,24,3000
2019-03-11T05:02:05.000Z,38.98495,21.431933,24,3000
2019-03-11T05:02:05.000Z,38.98495,21.431933,24,3000
2019-03-11T06:12:42.000Z,39.144213,21.465867000000006,12,8900
2019-03-11T06:12:42.000Z,39.144213,21.465867000000006,12,8900
2019-03-11T06:12:42.000Z,39.144213,21.465867000000006,12,8900
2019-03-11T06:13:42.000Z,39.146293,21.465813,12,9200
2019-03-11T06:13:42.000Z,39.146293,21.465813,12,9200
2019-03-11T06:13:42.000Z,39.146293,21.465813,12,9200
2019-03-11T06:35:28.000Z,39.156883,21.4514,1,13200
2019-03-11T06:35:28.000Z,39.156883,21.4514,1,13200
2019-03-11T06:35:28.000Z,39.156883,21.4514,1,13200
