timestamp,longitude,latitude,speed,direction
2019-01-01T00:12:00.000Z,167.93376,52.752747,30,5700
2019-01-01T00:33:36.000Z,168.0738,52.808683,31,5600
2019-01-01T00:51:49.000Z,168.190833,52.855783,31,5700
2019-01-01T01:27:19.000Z,168.41736699999996,52.945933,31,5600
2019-01-01T01:59:01.000Z,168.615217,53.032317000000006,31,5200
2019-01-01T02:34:49.000Z,168.838817,53.137117,32,5100
2019-01-01T03:09:37.000Z,169.05465,53.2408,31,5000
2019-01-01T03:44:13.000Z,169.27215,53.347883,32,5000
2019-01-01T03:57:24.000Z,169.35675,53.38823299999999,32,5100
2019-01-01T04:29:55.000Z,169.58425,53.474183,33,5500
2019-01-01T05:19:48.000Z,169.941633,53.60865,32,5900
2019-01-01T05:20:43.000Z,169.9478,53.610783,33,5900
2019-01-01T05:41:36.000Z,170.102483,53.6633,33,5900
2019-01-01T06:17:13.000Z,170.362667,53.7511,32,6000
2019-01-01T06:23:32.000Z,170.40831699999995,53.7667,33,5900
2019-01-01T06:47:54.000Z,170.578633,53.829333,32,5500
2019-01-01T06:52:06.000Z,170.607767,53.840633,32,5500
2019-01-01T07:25:49.000Z,170.843067,53.93346700000001,33,5700
2019-01-01T07:58:42.000Z,171.0869,54.001767,32,8700
2019-01-01T08:34:14.000Z,171.3877,54.00415,33,9100
2019-01-01T09:07:49.000Z,171.670683,54.0049,32,8800
2019-01-01T09:08:30.000Z,171.676827,54.005013,32,8700
2019-01-01T09:08:41.000Z,171.678373,54.005093,32,8600
2019-01-01T09:08:47.000Z,171.67949299999995,54.005093,32,8600
2019-01-01T09:08:54.000Z,171.68005300000004,54.00512,32,8700
2019-01-01T09:09:30.000Z,171.685093,54.00522700000001,32,8700
2019-01-01T09:09:36.000Z,171.68621299999995,54.005253,32,8700
2019-01-01T09:09:47.000Z,171.687893,54.005280000000006,32,8800
2019-01-01T09:09:54.000Z,171.688453,54.005280000000006,32,8700
2019-01-01T09:10:00.000Z,171.689573,54.005307,32,8800
2019-01-01T09:10:12.000Z,171.69128,54.00533299999999,33,8800
2019-01-01T09:10:25.000Z,171.69296,54.005387,32,8700
2019-01-01T09:10:36.000Z,171.694533,54.005413,33,8700
2019-01-01T09:10:48.000Z,171.696213,54.005467,33,8700
2019-01-01T09:11:00.000Z,171.69818700000005,54.00552,33,8700
2019-01-01T09:11:06.000Z,171.698747,54.00552,33,8700
2019-01-01T09:11:12.000Z,171.699307,54.005547,33,8600
2019-01-01T09:11:24.000Z,171.701013,54.0056,33,8600
2019-01-01T09:11:38.000Z,171.70269299999995,54.00568000000001,33,8600
2019-01-01T09:12:06.000Z,171.7072,54.005867,33,8600
2019-01-01T09:12:23.000Z,171.71,54.005973,33,8600
2019-01-01T09:22:50.000Z,171.79528,54.00872,32,8600
2019-01-01T09:28:40.000Z,171.8505,54.010483,33,8700
2019-01-01T09:38:35.000Z,171.928,54.0132,32,8300
2019-01-01T09:38:48.000Z,171.93018700000005,54.013333,32,8300
2019-01-01T09:38:54.000Z,171.930747,54.01336,32,8300
2019-01-01T09:39:18.000Z,171.934133,54.013547,32,8500
2019-01-01T09:39:30.000Z,171.935787,54.0136,32,8600
2019-01-01T09:39:35.000Z,171.936747,54.013627,32,8700
2019-01-01T09:39:48.000Z,171.9384,54.01365300000001,32,8800
2019-01-01T09:39:54.000Z,171.93893300000005,54.01368000000001,32,8700
2019-01-01T09:40:00.000Z,171.94008,54.01365300000001,32,8800
2019-01-01T09:40:06.000Z,171.94061299999996,54.01368000000001,32,8800
2019-01-01T09:40:12.000Z,171.941733,54.01368000000001,32,8800
2019-01-01T09:40:18.000Z,171.942293,54.013707,32,8800
2019-01-01T09:40:23.000Z,171.943413,54.013733,32,8800
2019-01-01T09:40:30.000Z,171.943973,54.013733,32,8800
2019-01-01T09:40:35.000Z,171.945093,54.01376,32,8700
2019-01-01T09:40:41.000Z,171.945653,54.01376,32,8800
2019-01-01T09:40:48.000Z,171.9468,54.013787,32,8800
2019-01-01T09:40:54.000Z,171.94736,54.013813,33,8800
2019-01-01T09:41:00.000Z,171.94848000000005,54.013813,33,8700
2019-01-01T09:41:05.000Z,171.949067,54.01384,32,8700
2019-01-01T09:41:30.000Z,171.952427,54.013893,32,8800
2019-01-01T09:41:35.000Z,171.95336,54.013893,32,8800
2019-01-01T09:41:54.000Z,171.956133,54.014,32,8600
2019-01-01T09:42:00.000Z,171.956427,54.014,32,8600
2019-01-01T09:42:06.000Z,171.957547,54.014027,32,8600
2019-01-01T09:42:12.000Z,171.95808,54.01408000000001,32,8600
2019-01-01T09:42:18.000Z,171.9592,54.014133,32,8500
2019-01-01T09:42:24.000Z,171.95976000000005,54.014133,32,8500
2019-01-01T09:42:30.000Z,171.96088,54.014213,32,8400
2019-01-01T09:42:35.000Z,171.96143999999995,54.01424,32,8400
2019-01-01T09:42:42.000Z,171.96256,54.014293,32,8500
2019-01-01T09:42:48.000Z,171.963653,54.014347,32,8400
2019-01-01T09:42:54.000Z,171.96424,54.0144,32,8400
2019-01-01T09:43:00.000Z,171.96536,54.01442700000001,32,8500
2019-01-01T09:43:06.000Z,171.965893,54.014453,32,8500
2019-01-01T09:43:18.000Z,171.967573,54.01453299999999,32,8500
2019-01-01T09:43:29.000Z,171.969227,54.014613,32,8500
2019-01-01T09:50:04.000Z,172.024683,54.01538299999999,32,8800
2019-01-01T10:12:49.000Z,172.2144,54.019547,33,8800
2019-01-01T10:13:07.000Z,172.217227,54.019573,33,8800
2019-01-01T10:13:26.000Z,172.21946699999995,54.0196,33,8900
2019-01-01T10:14:02.000Z,172.22456,54.01965300000001,32,8800
2019-01-01T10:14:13.000Z,172.226213,54.01968000000001,32,8800
2019-01-01T10:14:26.000Z,172.228347,54.019707,33,8800
2019-01-01T10:14:32.000Z,172.22888,54.019733,32,8800
2019-01-01T10:14:37.000Z,172.22943999999995,54.019733,32,8800
2019-01-01T10:15:13.000Z,172.23471999999995,54.019787,32,8800
2019-01-01T10:15:19.000Z,172.23528000000005,54.019813,32,8900
2019-01-01T10:15:26.000Z,172.2364,54.019813,32,8800
2019-01-01T10:15:31.000Z,172.237493,54.01984,32,8800
2019-01-01T10:15:37.000Z,172.238053,54.01984,32,8800
2019-01-01T10:15:49.000Z,172.239733,54.01986700000001,32,8700
2019-01-01T10:15:56.000Z,172.240267,54.019893,32,8800
2019-01-01T10:16:02.000Z,172.241387,54.019893,32,8800
2019-01-01T10:16:07.000Z,172.241947,54.01991999999999,32,8700
2019-01-01T10:16:13.000Z,172.243093,54.019947,32,8700
2019-01-01T10:16:19.000Z,172.243627,54.019973,32,8700
2019-01-01T10:16:26.000Z,172.244613,54.020027,32,8700
2019-01-01T10:16:32.000Z,172.245733,54.020027,32,8700
2019-01-01T10:16:37.000Z,172.24629299999995,54.020027,32,8700
2019-01-01T10:16:43.000Z,172.247413,54.02008000000001,32,8700
2019-01-01T10:16:50.000Z,172.247973,54.02008000000001,33,8700
2019-01-01T10:21:01.000Z,172.282933,54.02072,32,8700
2019-01-01T10:21:25.000Z,172.28621299999998,54.0208,32,8700
2019-01-01T10:21:32.000Z,172.28733300000005,54.020827,32,8700
2019-01-01T10:52:26.000Z,172.544567,54.02506700000001,32,8800
2019-01-01T10:52:30.000Z,172.54456000000005,54.02506700000001,32,8800
2019-01-01T11:15:13.000Z,172.734667,54.02976,32,8600
2019-01-01T11:15:42.000Z,172.73853300000005,54.029867,32,8600
2019-01-01T11:27:23.000Z,172.83261299999995,54.03205300000001,32,8700
2019-01-01T11:32:34.000Z,172.876233,54.033067,32,8600
2019-01-01T12:01:06.000Z,173.111717,54.037083,32,8800
2019-01-01T12:34:44.000Z,173.39555,54.038317000000006,33,8900
2019-01-01T12:37:48.000Z,173.427067,54.0387,33,8800
2019-01-01T12:39:01.000Z,173.4316,54.03873299999999,33,8900
2019-01-01T13:45:49.000Z,174.003617,54.040833,33,8700
2019-01-01T13:54:24.000Z,174.076267,54.0431,33,8600
2019-01-01T14:19:37.000Z,174.290683,54.05,33,8700
2019-01-01T14:34:51.000Z,174.420533,54.053933,33,8800
2019-01-01T14:35:03.000Z,174.42225,54.05395,33,8800
2019-01-01T14:36:51.000Z,174.43725,54.054183,33,8800
2019-01-01T14:38:03.000Z,174.4479,54.054417,33,8700
2019-01-01T14:38:14.000Z,174.4496,54.054467,33,8700
2019-01-01T15:28:36.000Z,174.884067,54.0562,33,9000
2019-01-01T16:05:07.000Z,175.19601699999996,54.063567000000006,33,8700
2019-01-01T16:08:28.000Z,175.225093,54.06450699999999,33,8600
2019-01-01T16:50:25.000Z,175.57875,54.091017,33,8800
2019-01-01T17:06:11.000Z,175.71352,54.089573,33,9100
2019-01-01T17:14:19.000Z,175.783083,54.08858299999999,33,9000
2019-01-01T17:23:24.000Z,175.86138300000005,54.087633,33,9000
2019-01-01T17:37:57.000Z,175.985413,54.086747,33,9000
2019-01-01T17:38:04.000Z,175.986,54.086747,33,9000
2019-01-01T17:38:09.000Z,175.987147,54.086747,33,9000
2019-01-01T17:38:15.000Z,175.98773300000005,54.086747,33,8900
2019-01-01T17:38:21.000Z,175.98888,54.086747,33,9000
2019-01-01T17:38:57.000Z,175.994027,54.08671999999999,33,9000
2019-01-01T17:39:04.000Z,175.9952,54.086693,33,8900
2019-01-01T17:39:09.000Z,175.995627,54.086693,33,8900
2019-01-01T17:39:15.000Z,175.99621299999995,54.08671999999999,33,8900
2019-01-01T17:39:27.000Z,175.99848,54.086747,33,8900
2019-01-01T17:39:39.000Z,175.99992,54.086747,33,8900
2019-01-01T17:39:57.000Z,176.00221299999995,54.086747,33,8900
2019-01-01T17:40:51.000Z,176.010267,54.08666700000001,33,9000
2019-01-01T17:41:16.000Z,176.013573,54.086613,33,9000
2019-01-01T17:41:22.000Z,176.01471999999995,54.086613,33,9000
2019-01-01T17:42:12.000Z,176.021627,54.086587,33,9000
2019-01-01T17:42:16.000Z,176.022187,54.086587,33,9000
2019-01-01T17:42:21.000Z,176.02336,54.08656,33,9000
2019-01-01T17:43:21.000Z,176.031813,54.086507,33,9100
2019-01-01T17:43:33.000Z,176.033253,54.08648,33,9100
2019-01-01T17:49:19.000Z,176.0841,54.086133,33,9100
2019-01-01T18:11:54.000Z,176.279493,54.087093,33,8800
2019-01-01T18:19:07.000Z,176.34136,54.087707,33,8800
2019-01-01T18:25:50.000Z,176.397767,54.0883,33,8700
2019-01-01T18:38:31.000Z,176.5066,54.0895,33,8700
2019-01-01T18:38:42.000Z,176.508317,54.089517,33,8800
2019-01-01T18:38:43.000Z,176.508317,54.089517,33,8800
2019-01-01T18:39:14.000Z,176.5129,54.089567,33,8800
2019-01-01T18:39:30.000Z,176.515183,54.0896,33,8800
2019-01-01T18:39:37.000Z,176.516333,54.089633,33,8700
2019-01-01T18:39:38.000Z,176.516333,54.089633,33,8700
2019-01-01T18:39:42.000Z,176.516767,54.089633,33,8800
2019-01-01T18:39:43.000Z,176.516767,54.089633,33,8800
2019-01-01T18:40:01.000Z,176.51961699999995,54.08966700000001,33,8800
2019-01-01T18:40:24.000Z,176.523013,54.089733,33,8800
2019-01-01T18:40:25.000Z,176.523033,54.089733,33,8800
2019-01-01T18:40:26.000Z,176.523033,54.089733,33,8800
2019-01-01T18:40:30.000Z,176.5236,54.08975,33,8800
2019-01-01T18:40:31.000Z,176.5236,54.08975,33,8800
2019-01-01T18:59:56.000Z,176.68983300000005,54.092567,33,8700
2019-01-01T18:59:58.000Z,176.691547,54.092587,33,8700
2019-01-01T19:09:27.000Z,176.772427,54.09416,33,8700
2019-01-01T19:17:32.000Z,176.84090700000004,54.0956,33,8800
2019-01-01T19:32:31.000Z,176.971633,54.099,34,8700
2019-01-01T19:42:54.000Z,177.0624,54.10149300000001,34,8700
2019-01-01T20:05:13.000Z,177.256933,54.10636700000001,34,8700
2019-01-01T20:07:02.000Z,177.27275,54.106667,34,8700
2019-01-01T20:07:43.000Z,177.278433,54.10678299999999,34,8700
2019-01-01T20:09:38.000Z,177.295267,54.107117,34,8700
2019-01-01T20:10:55.000Z,177.306467,54.107333,34,8800
2019-01-01T20:11:18.000Z,177.309967,54.107383,34,8800
2019-01-01T20:11:19.000Z,177.309967,54.107383,34,8800
2019-01-01T20:11:49.000Z,177.31446699999995,54.10743299999999,34,8800
2019-01-01T20:11:55.000Z,177.31505,54.10745,34,8800
2019-01-01T20:12:25.000Z,177.3197,54.1075,34,8800
2019-01-01T20:12:31.000Z,177.32028300000005,54.1075,34,8800
2019-01-01T20:13:37.000Z,177.33005,54.107667000000006,34,8800
2019-01-01T20:14:25.000Z,177.33735,54.107783,34,8700
2019-01-01T20:14:49.000Z,177.340833,54.10785,34,8700
2019-01-01T20:14:55.000Z,177.34141699999995,54.10786700000001,34,8800
2019-01-01T20:15:31.000Z,177.346517,54.107967,34,8800
2019-01-01T20:16:24.000Z,177.354267,54.10808000000001,34,8800
2019-01-01T20:16:30.000Z,177.355467,54.10808299999999,34,8800
2019-01-01T20:16:32.000Z,177.355467,54.10808299999999,34,8800
2019-01-01T20:16:43.000Z,177.357217,54.1081,34,8800
2019-01-01T20:16:44.000Z,177.357217,54.1081,34,8800
2019-01-01T20:16:54.000Z,177.35896699999995,54.10811700000001,34,8900
2019-01-01T20:16:55.000Z,177.35896699999995,54.10811700000001,34,8900
2019-01-01T20:17:07.000Z,177.360733,54.108133,34,8900
2019-01-01T20:25:54.000Z,177.437893,54.10909300000001,34,8800
2019-01-01T20:26:36.000Z,177.444267,54.109147,34,8900
2019-01-01T20:27:12.000Z,177.44936,54.109147,34,9000
2019-01-01T20:41:38.000Z,177.575367,54.110533,34,8900
2019-01-01T21:06:19.000Z,177.78976699999996,54.111617,33,8800
2019-01-01T21:17:01.000Z,177.88278300000005,54.1127,34,8800
2019-01-01T21:39:49.000Z,178.081333,54.114633,34,8800
2019-01-01T21:52:38.000Z,178.191117,54.115933,31,8800
2019-01-01T21:53:48.000Z,178.20061299999998,54.11608,31,8700
2019-01-01T21:54:14.000Z,178.202747,54.116133,31,8700
2019-01-01T21:54:20.000Z,178.203813,54.11616,31,8700
2019-01-01T21:54:36.000Z,178.205413,54.11616,31,8700
2019-01-01T21:54:38.000Z,178.205947,54.116187,31,8800
2019-01-01T21:54:44.000Z,178.207013,54.116213,31,8800
2019-01-01T21:54:51.000Z,178.20808,54.116213,31,8800
2019-01-01T21:54:56.000Z,178.208613,54.116213,31,8800
2019-01-01T21:55:02.000Z,178.209147,54.116213,31,8800
2019-01-01T21:55:26.000Z,178.212187,54.11626700000001,31,8800
2019-01-01T21:55:35.000Z,178.213253,54.11629300000001,31,8800
2019-01-01T21:55:37.000Z,178.214053,54.11629300000001,31,8800
2019-01-01T21:55:44.000Z,178.21511999999996,54.11632,31,8800
2019-01-01T21:55:50.000Z,178.215653,54.11632,31,8800
2019-01-01T21:56:01.000Z,178.21728000000004,54.116347,31,8800
2019-01-01T21:56:07.000Z,178.21781299999995,54.116347,31,8800
2019-01-01T21:56:14.000Z,178.21888,54.116373,31,8800
2019-01-01T21:56:21.000Z,178.219947,54.1164,31,8800
2019-01-01T21:56:29.000Z,178.22048,54.1164,31,8800
2019-01-01T21:56:33.000Z,178.221573,54.116427,31,8800
2019-01-01T21:56:44.000Z,178.222613,54.116427,31,8800
2019-01-01T21:56:51.000Z,178.22370700000005,54.116453,31,8800
2019-01-01T21:56:56.000Z,178.224773,54.116453,31,8800
2019-01-01T21:57:08.000Z,178.22624,54.11648,31,8800
2019-01-01T21:57:26.000Z,178.228373,54.116533,31,8800
2019-01-01T21:57:38.000Z,178.229973,54.116533,31,8800
2019-01-01T21:57:56.000Z,178.232133,54.11656,31,8800
2019-01-01T21:58:03.000Z,178.233733,54.116613,31,8800
2019-01-01T21:58:08.000Z,178.234267,54.116613,31,8700
2019-01-01T21:58:21.000Z,178.23586699999996,54.11664,31,8800
2019-01-01T21:58:26.000Z,178.236373,54.11666700000001,31,8700
2019-01-01T21:58:40.000Z,178.239547,54.11669300000001,31,8700
2019-01-01T21:59:20.000Z,178.24373300000005,54.1168,31,8700
2019-01-01T21:59:27.000Z,178.24424,54.1168,31,8800
2019-01-01T21:59:33.000Z,178.245573,54.116827,31,8700
2019-01-01T21:59:38.000Z,178.246107,54.116827,31,8800
2019-01-01T21:59:51.000Z,178.24768,54.116853000000006,31,8800
2019-01-01T22:00:08.000Z,178.249813,54.11688,31,8800
2019-01-01T22:00:21.000Z,178.251947,54.116907,31,8800
2019-01-01T22:00:27.000Z,178.25248,54.116907,31,8900
2019-01-01T22:00:33.000Z,178.253547,54.116933,31,8900
2019-01-01T22:00:38.000Z,178.25408000000004,54.116933,31,8900
2019-01-01T22:00:42.000Z,178.255707,54.116933,31,8900
2019-01-01T22:00:59.000Z,178.257733,54.116933,31,8900
2019-01-01T22:01:06.000Z,178.2588,54.116933,31,8900
2019-01-01T22:01:12.000Z,178.259893,54.116933,31,8900
2019-01-01T22:01:25.000Z,178.261493,54.116933,31,8900
2019-01-01T22:01:36.000Z,178.263093,54.11696,31,8800
2019-01-01T22:01:43.000Z,178.263627,54.11696,31,8900
2019-01-01T22:01:48.000Z,178.264693,54.11696,31,8900
2019-01-01T22:01:59.000Z,178.266267,54.11696,31,8800
2019-01-01T22:02:12.000Z,178.267867,54.117013,31,8800
2019-01-01T22:02:30.000Z,178.27,54.117013,31,8800
2019-01-01T22:02:42.000Z,178.2716,54.11704,31,8800
2019-01-01T22:02:54.000Z,178.273627,54.11706700000001,31,8800
2019-01-01T22:02:59.000Z,178.27416000000005,54.117093,31,8800
2019-01-01T22:03:06.000Z,178.27472,54.117093,31,8800
2019-01-01T22:03:29.000Z,178.278213,54.117147,31,8800
2019-01-01T22:03:36.000Z,178.27928,54.117173,31,8800
2019-01-01T22:03:41.000Z,178.279813,54.117173,31,8800
2019-01-01T22:03:47.000Z,178.28088,54.1172,31,8800
2019-01-01T22:03:54.000Z,178.28144,54.1172,31,8700
2019-01-01T22:04:06.000Z,178.28301299999995,54.117227,31,8800
2019-01-01T22:04:24.000Z,178.28568,54.11728000000001,31,8800
2019-01-01T22:04:36.000Z,178.28728,54.11728000000001,31,8800
2019-01-01T22:04:41.000Z,178.287787,54.117307,31,8800
2019-01-01T22:04:47.000Z,178.288747,54.117333,31,8800
2019-01-01T22:05:07.000Z,178.29088000000004,54.117333,31,8900
2019-01-01T22:05:25.000Z,178.2936,54.11736,31,8900
2019-01-01T22:05:30.000Z,178.29413300000004,54.11736,31,8800
2019-01-01T22:05:41.000Z,178.295733,54.11736,31,8900
2019-01-01T22:05:48.000Z,178.2968,54.117387,31,8900
2019-01-01T22:06:06.000Z,178.29896000000005,54.117387,31,8900
2019-01-01T22:11:07.000Z,178.339067,54.117983,31,8800
2019-01-01T22:14:54.000Z,178.3684,54.118533,31,8800
2019-01-01T22:27:19.000Z,178.46731699999995,54.119917,30,8800
2019-01-01T22:30:18.000Z,178.49181299999995,54.120347,30,8700
2019-01-01T22:30:23.000Z,178.492587,54.120373,30,8700
2019-01-01T22:30:41.000Z,178.495227,54.120427,30,8700
2019-01-01T22:31:41.000Z,178.50264,54.120533,30,8800
2019-01-01T22:31:52.000Z,178.50461299999995,54.12056,31,8800
2019-01-01T22:32:05.000Z,178.506187,54.120587,31,8800
2019-01-01T22:32:11.000Z,178.50672,54.120587,31,8800
2019-01-01T22:32:17.000Z,178.50776000000005,54.120613,31,8900
2019-01-01T22:32:29.000Z,178.50936000000004,54.120613,31,8800
2019-01-01T22:33:06.000Z,178.514107,54.120693,31,8800
2019-01-01T22:33:12.000Z,178.51464,54.120693,31,8800
2019-01-01T22:33:18.000Z,178.51570700000005,54.120693,31,8800
2019-01-01T22:33:24.000Z,178.51623999999995,54.12072,31,8800
2019-01-01T22:33:36.000Z,178.51783999999995,54.120747,31,8800
2019-01-01T22:33:42.000Z,178.51888,54.120747,30,8800
2019-01-01T22:34:41.000Z,178.5264,54.12088000000001,30,8700
2019-01-01T22:50:13.000Z,178.649307,54.122427,31,9000
2019-01-01T22:50:19.000Z,178.649867,54.122427,31,9100
2019-01-01T22:50:25.000Z,178.65096,54.122427,31,9100
2019-01-01T22:51:18.000Z,178.65792,54.1224,31,8900
2019-01-01T22:51:49.000Z,178.66232,54.12248,31,8800
2019-01-01T22:52:13.000Z,178.66496,54.122533,31,8700
2019-01-01T22:52:49.000Z,178.670293,54.12269300000001,31,8600
2019-01-01T22:53:13.000Z,178.67341299999995,54.122827,30,8500
2019-01-01T22:53:31.000Z,178.67536,54.122907,30,8500
2019-01-01T22:53:42.000Z,178.67696,54.12296,30,8500
2019-01-01T22:54:00.000Z,178.6796,54.123093,30,8500
2019-01-01T22:54:07.000Z,178.680133,54.12311999999999,30,8600
2019-01-01T22:54:13.000Z,178.681173,54.123147,31,8500
2019-01-01T22:54:30.000Z,178.68328,54.123227,30,8600
2019-01-01T22:55:07.000Z,178.68861299999998,54.123387,31,8700
2019-01-01T22:55:13.000Z,178.689147,54.123413,31,8700
2019-01-01T22:55:19.000Z,178.68952,54.123413,31,8700
2019-01-01T22:55:30.000Z,178.69111999999996,54.12344,31,8700
2019-01-01T22:55:37.000Z,178.69218700000005,54.12346700000001,31,8700
2019-01-01T22:55:43.000Z,178.69298700000004,54.123493,31,8700
2019-01-01T22:56:01.000Z,178.695653,54.12351999999999,31,8800
2019-01-01T22:56:08.000Z,178.696187,54.123547,31,8800
2019-01-01T22:56:13.000Z,178.697227,54.123547,31,8800
2019-01-01T22:56:26.000Z,178.698827,54.123573,31,8800
2019-01-01T22:56:30.000Z,178.69936,54.123573,31,8800
2019-01-01T22:56:38.000Z,178.700427,54.123573,31,8800
2019-01-01T22:56:49.000Z,178.70202700000004,54.1236,31,8800
2019-01-01T22:57:00.000Z,178.703653,54.123627,31,8800
2019-01-01T22:57:07.000Z,178.70418700000005,54.123627,31,8800
2019-01-01T22:57:25.000Z,178.706747,54.123653,31,8800
2019-01-01T22:57:30.000Z,178.70728,54.12368000000001,31,8900
2019-01-01T22:57:40.000Z,178.708373,54.12368000000001,31,8900
2019-01-01T22:57:43.000Z,178.708907,54.12368000000001,31,8800
2019-01-01T22:57:49.000Z,178.71,54.12368000000001,31,8900
2019-01-01T22:57:56.000Z,178.710533,54.12368000000001,31,8800
2019-01-01T22:58:01.000Z,178.7116,54.12368000000001,31,8900
2019-01-01T22:58:07.000Z,178.712133,54.123707,31,8800
2019-01-01T22:58:20.000Z,178.714293,54.123733,31,8900
2019-01-01T22:58:26.000Z,178.714827,54.123733,31,8800
2019-01-01T22:58:31.000Z,178.71536,54.123733,31,8800
2019-01-01T22:58:37.000Z,178.716427,54.12376,31,8800
2019-01-01T22:58:42.000Z,178.71696,54.12376,31,8900
2019-01-01T22:59:01.000Z,178.719653,54.123787,31,8800
2019-01-01T22:59:06.000Z,178.720187,54.123787,31,8900
2019-01-01T22:59:13.000Z,178.72111999999996,54.123813,31,8800
2019-01-01T22:59:37.000Z,178.72464,54.12384,31,8800
2019-01-01T22:59:48.000Z,178.72573300000005,54.12384,31,8900
2019-01-01T23:20:37.000Z,178.893283,54.12696700000001,31,8700
2019-01-01T23:29:19.000Z,178.962293,54.12888,31,8700
2019-01-01T23:35:08.000Z,179.008507,54.130213,31,8700
2019-01-01T23:35:45.000Z,179.01336,54.130347,31,8600
2019-01-01T23:35:57.000Z,179.01496,54.1304,31,8700
2019-01-01T23:36:09.000Z,179.0164,54.13048000000001,31,8600
2019-01-01T23:36:32.000Z,179.0196,54.13056,31,8600
2019-01-01T23:36:44.000Z,179.0212,54.130613,31,8600
2019-01-01T23:36:56.000Z,179.0228,54.130667,31,8600
2019-01-01T23:37:31.000Z,179.027627,54.1308,31,8600
2019-01-01T23:37:56.000Z,179.030853,54.13090699999999,31,8700
2019-01-01T23:38:25.000Z,179.03450700000005,54.130987,31,8700
2019-01-01T23:38:44.000Z,179.036933,54.131013,31,8800
2019-01-01T23:38:57.000Z,179.03909299999995,54.13109300000001,31,8700
2019-01-01T23:39:08.000Z,179.040693,54.13112,31,8700
2019-01-01T23:40:09.000Z,179.048693,54.131333,31,8700
2019-01-01T23:40:38.000Z,179.05248,54.13144000000001,31,8600
2019-01-01T23:56:24.000Z,179.18051699999995,54.133,31,8900
2019-01-02T00:04:54.000Z,179.248883,54.1331,31,8900
2019-01-02T00:28:24.000Z,179.43850700000004,54.13496,31,8800
2019-01-02T00:31:25.000Z,179.462333,54.1354,31,8800
2019-01-02T00:42:30.000Z,179.553493,54.136747,31,8800
2019-01-02T01:05:38.000Z,179.7423,54.138333,32,8800
2019-01-02T01:40:25.000Z,-179.971367,54.1464,32,8600
2019-01-02T01:42:49.000Z,-179.951133,54.14705,32,8600
2019-01-02T02:15:32.000Z,-179.683317,54.157217,31,8500
2019-01-02T02:50:56.000Z,-179.3941,54.16665,32,8700
2019-01-02T03:02:19.000Z,-179.30025,54.169567,32,8600
2019-01-02T03:34:38.000Z,-179.032183,54.178133,32,8700
2019-01-02T04:09:35.000Z,-178.741467,54.17868299999999,32,9000
2019-01-02T04:43:38.000Z,-178.457933,54.17935,32,8800
2019-01-02T05:18:25.000Z,-178.165883,54.18265,32,8800
2019-01-02T05:26:55.000Z,-178.093733,54.183217000000006,33,8900
2019-01-02T05:36:24.000Z,-178.013467,54.18375,33,8900
2019-01-02T05:37:17.000Z,-178.00555,54.183783,33,8900
2019-01-02T05:38:54.000Z,-177.99195,54.183867000000006,33,8800
2019-01-02T05:39:00.000Z,-177.9908,54.1839,33,8800
2019-01-02T05:39:06.000Z,-177.99023300000005,54.1839,33,8900
2019-01-02T05:39:13.000Z,-177.9888,54.1839,33,8800
2019-01-02T05:39:19.000Z,-177.988233,54.183917,33,8800
2019-01-02T05:40:19.000Z,-177.979633,54.183933,33,8900
2019-01-02T05:55:31.000Z,-177.84645,54.185683,33,8800
2019-01-02T06:01:37.000Z,-177.79395,54.18646700000001,33,8800
2019-01-02T06:28:31.000Z,-177.56735,54.19131700000001,33,8700
2019-01-02T08:00:11.000Z,-176.79376000000005,54.209413,32,8800
2019-01-02T08:11:55.000Z,-176.6947,54.21103299999999,32,8700
2019-01-02T08:27:25.000Z,-176.562853,54.213067,32,8800
2019-01-02T08:42:22.000Z,-176.4372,54.215493,32,8800
2019-01-02T08:50:46.000Z,-176.36616,54.21669300000001,33,8800
2019-01-02T09:26:52.000Z,-176.05944,54.22192,33,9100
2019-01-02T09:35:19.000Z,-175.98345,54.220083,31,9300
2019-01-02T09:54:08.000Z,-175.84035,54.216983,30,9200
2019-01-02T10:05:19.000Z,-175.752,54.215017,30,9200
2019-01-02T10:07:04.000Z,-175.73773300000005,54.21466700000001,30,9200
2019-01-02T10:23:50.000Z,-175.608453,54.21736,30,8600
2019-01-02T10:31:06.000Z,-175.55013300000005,54.22016,30,8500
2019-01-02T10:58:33.000Z,-175.3384,54.22288,29,9000
2019-01-02T11:07:50.000Z,-175.26815,54.222383,29,9000
2019-01-02T11:40:56.000Z,-175.0165,54.218667,29,8900
2019-01-02T11:41:23.000Z,-175.011973,54.218667,29,8900
2019-01-02T11:51:50.000Z,-174.93293300000005,54.2184,29,9100
2019-01-02T12:49:44.000Z,-174.50025,54.231033,29,8600
2019-01-02T12:56:56.000Z,-174.44618300000005,54.233183,29,8600
2019-01-02T13:20:08.000Z,-174.271883,54.23991700000001,29,8800
2019-01-02T13:31:49.000Z,-174.183267,54.24078299999999,29,8700
2019-01-02T13:43:50.000Z,-174.09195,54.24206700000001,29,8800
2019-01-02T13:44:03.000Z,-174.0899,54.242083,29,8800
2019-01-02T14:06:56.000Z,-173.9155,54.24851700000001,29,8500
2019-01-02T14:36:56.000Z,-173.6877,54.2587,29,8500
2019-01-02T14:42:26.000Z,-173.645783,54.260117,29,8600
2019-01-02T14:46:54.000Z,-173.61104,54.261173,29,8600
2019-01-02T15:04:26.000Z,-173.479167,54.265033,29,8700
2019-01-02T15:13:07.000Z,-173.41313300000004,54.26735,29,8600
2019-01-02T15:48:07.000Z,-173.14543999999995,54.2768,29,8600
2019-01-02T15:52:05.000Z,-173.114693,54.277653,30,8700
2019-01-02T16:17:08.000Z,-172.92343300000005,54.281367,29,8800
2019-01-02T16:26:00.000Z,-172.85578700000005,54.281787,29,8900
2019-01-02T17:04:06.000Z,-172.5718,54.279217,28,9200
2019-01-02T17:09:09.000Z,-172.534107,54.278373,28,9200
2019-01-02T17:15:40.000Z,-172.4876,54.27752,28,9100
2019-01-02T17:26:06.000Z,-172.40915,54.27615,28,9100
2019-01-02T17:36:54.000Z,-172.329083,54.27555,28,8900
2019-01-02T18:02:18.000Z,-172.14168,54.276613,28,8500
2019-01-02T18:21:04.000Z,-172.00053300000005,54.281813,29,8600
2019-01-02T18:38:31.000Z,-171.870367,54.286917,29,8500
2019-01-02T18:47:33.000Z,-171.80048,54.289627,29,8600
2019-01-02T18:59:36.000Z,-171.709573,54.29312,30,8600
2019-01-02T19:13:06.000Z,-171.60665,54.29665,29,8500
2019-01-02T19:34:35.000Z,-171.443333,54.301627,29,8700
2019-01-02T19:41:51.000Z,-171.388747,54.30306700000001,29,8600
2019-01-02T20:10:06.000Z,-171.17864,54.310187,29,8800
2019-01-02T20:19:42.000Z,-171.10645,54.311883,28,8700
2019-01-02T20:22:07.000Z,-171.088717,54.31226700000001,28,8700
2019-01-02T20:40:36.000Z,-170.95136000000005,54.31469300000001,29,8700
2019-01-02T20:44:32.000Z,-170.921867,54.31535,29,8800
2019-01-02T20:44:54.000Z,-170.918867,54.3154,29,8800
2019-01-02T20:50:24.000Z,-170.876933,54.316053,29,8900
2019-01-02T20:59:29.000Z,-170.809493,54.31696,28,8800
2019-01-02T21:13:12.000Z,-170.708213,54.31768,29,8900
2019-01-02T21:24:56.000Z,-170.619667,54.318433,29,8800
2019-01-02T21:28:25.000Z,-170.593467,54.318733,29,8700
2019-01-02T21:58:07.000Z,-170.36686699999996,54.3217,29,8800
2019-01-02T22:33:55.000Z,-170.08315,54.324533,31,8800
2019-01-02T22:37:17.000Z,-170.05504,54.324907,31,8900
2019-01-02T23:01:24.000Z,-169.858283,54.3284,32,8700
2019-01-02T23:33:26.000Z,-169.59338300000005,54.3314,32,8800
2019-01-02T23:41:43.000Z,-169.52471699999995,54.332467,32,8800
2019-01-02T23:48:37.000Z,-169.46770700000005,54.333147,32,8900
2019-01-02T23:51:54.000Z,-169.434683,54.33366700000001,32,8900
2019-01-03T00:04:10.000Z,-169.339867,54.33488000000001,32,8800
2019-01-03T00:09:14.000Z,-169.298117,54.335517,32,8800
2019-01-03T00:19:20.000Z,-169.214617,54.3365,32,8900
2019-01-03T00:51:20.000Z,-168.951083,54.33943299999999,31,8800
2019-01-03T01:15:31.000Z,-168.753983,54.341183,31,8900
2019-01-03T01:19:19.000Z,-168.723567,54.3414,31,8900
2019-01-03T01:36:42.000Z,-168.58318300000005,54.34335,31,8800
2019-01-03T02:12:08.000Z,-168.294817,54.348033,31,8700
2019-01-03T02:41:36.000Z,-168.05435,54.353667,31,8800
2019-01-03T03:00:26.000Z,-167.8998,54.35715,32,8800
2019-01-03T03:14:44.000Z,-167.78205,54.36265,32,8400
2019-01-03T03:21:14.000Z,-167.727417,54.36531700000001,32,8500
2019-01-03T03:48:41.000Z,-167.50088300000004,54.37133299999999,32,8800
2019-01-03T03:59:17.000Z,-167.4137,54.372567,31,8800
2019-01-03T04:06:53.000Z,-167.351783,54.373333,31,8800
2019-01-03T04:15:05.000Z,-167.28485,54.374083,31,8800
2019-01-03T04:30:47.000Z,-167.1576,54.374733,31,8900
2019-01-03T04:49:54.000Z,-167.003283,54.3742,31,8900
2019-01-03T04:55:23.000Z,-166.95943300000005,54.3742,30,9000
2019-01-03T05:15:23.000Z,-166.800433,54.37688299999999,30,8600
2019-01-03T05:31:08.000Z,-166.67468300000004,54.38181700000001,31,8600
2019-01-03T06:07:44.000Z,-166.365217,54.38331700000001,32,8800
2019-01-03T06:13:13.000Z,-166.31976699999996,54.3844,32,8700
2019-01-03T06:48:50.000Z,-166.030783,54.3951,31,8800
2019-01-03T07:16:25.000Z,-165.81345,54.398817,30,9000
2019-01-03T07:22:08.000Z,-165.76798300000004,54.398233,30,9700
2019-01-03T07:23:00.000Z,-165.76128300000005,54.39766700000001,30,9700
2019-01-03T07:50:08.000Z,-165.555367,54.379433,29,9800
2019-01-03T07:58:50.000Z,-165.4889,54.37431700000001,30,9700
2019-01-03T08:10:49.000Z,-165.418183,54.367667,31,10300
2019-01-03T08:22:20.000Z,-165.30166699999995,54.35276700000001,30,10000
2019-01-03T08:27:14.000Z,-165.26326699999996,54.348133,31,10200
2019-01-03T08:28:08.000Z,-165.25829299999995,54.347467,31,10200
2019-01-03T08:30:44.000Z,-165.237333,54.3452,31,9900
2019-01-03T08:59:02.000Z,-165.007983,54.328883,31,9700
2019-01-03T08:59:03.000Z,-165.00799999999995,54.32888000000001,31,9700
2019-01-03T09:00:25.000Z,-164.9968,54.32786700000001,31,9800
2019-01-03T09:21:41.000Z,-164.829,54.313633,30,9700
2019-01-03T09:31:36.000Z,-164.754633,54.308767,29,9600
2019-01-03T09:42:53.000Z,-164.672167,54.30218299999999,28,9800
2019-01-03T09:58:59.000Z,-164.55675,54.29315,27,9800
2019-01-03T10:10:53.000Z,-164.469767,54.28573299999999,29,9700
2019-01-03T10:11:02.000Z,-164.46925,54.2857,29,9700
2019-01-03T10:32:23.000Z,-164.30641699999995,54.2751,29,9700
2019-01-03T10:37:05.000Z,-164.27166699999995,54.272333,29,9700
2019-01-03T10:41:50.000Z,-164.235783,54.26921700000001,30,9900
2019-01-03T11:12:17.000Z,-164.003817,54.2513,29,9600
2019-01-03T11:27:17.000Z,-163.89075,54.24166700000001,30,9900
2019-01-03T11:33:59.000Z,-163.840317,54.236683,29,9900
2019-01-03T11:53:49.000Z,-163.690833,54.22135,30,10100
2019-01-03T13:06:29.000Z,-163.125317,54.17565,30,9500
2019-01-03T13:20:36.000Z,-163.015917,54.1683,30,9600
2019-01-03T13:40:44.000Z,-162.8605,54.157183,30,9800
2019-01-03T13:40:50.000Z,-162.85996699999995,54.157133,30,9800
2019-01-03T13:51:26.000Z,-162.777883,54.149267,30,10100
2019-01-03T14:03:49.000Z,-162.68553300000005,54.138133,29,10200
2019-01-03T14:16:14.000Z,-162.59393300000005,54.12695,29,10000
2019-01-03T14:32:26.000Z,-162.47299999999996,54.113967,30,9900
2019-01-03T14:40:03.000Z,-162.417017,54.107883,30,9300
2019-01-03T14:48:01.000Z,-162.35503300000005,54.10593299999999,30,9200
2019-01-03T15:18:55.000Z,-162.1137,54.1007,30,9300
2019-01-03T15:19:48.000Z,-162.10592,54.10048000000001,30,9100
2019-01-03T15:21:18.000Z,-162.09508300000005,54.100317,30,9100
2019-01-03T15:30:12.000Z,-162.026367,54.098933,30,9200
2019-01-03T16:04:20.000Z,-161.758667,54.09028299999999,30,9400
2019-01-03T16:09:32.000Z,-161.718267,54.08878299999999,30,9200
2019-01-03T16:38:49.000Z,-161.49193300000005,54.08388299999999,30,8900
2019-01-03T16:43:00.000Z,-161.459013,54.084,30,8800
2019-01-03T16:43:30.000Z,-161.455467,54.084,30,8900
2019-01-03T16:43:37.000Z,-161.454427,54.084027,30,8800
2019-01-03T16:43:42.000Z,-161.45391999999995,54.084027,30,8800
2019-01-03T16:43:54.000Z,-161.452107,54.084027,30,8900
2019-01-03T16:44:00.000Z,-161.451573,54.084053,30,8800
2019-01-03T16:44:19.000Z,-161.44896,54.084027,30,9000
2019-01-03T16:44:30.000Z,-161.44741299999995,54.084027,30,9000
2019-01-03T16:44:42.000Z,-161.44584,54.084027,30,9000
2019-01-03T16:45:00.000Z,-161.44376,54.084,30,9000
2019-01-03T16:45:19.000Z,-161.441173,54.084,30,9000
2019-01-03T16:45:42.000Z,-161.438187,54.084,30,8900
2019-01-03T16:46:00.000Z,-161.436133,54.083973,30,9000
2019-01-03T16:46:13.000Z,-161.434053,54.083973,30,9000
2019-01-03T16:46:19.000Z,-161.43352,54.083947,30,9000
2019-01-03T16:47:28.000Z,-161.425787,54.083973,30,8900
2019-01-03T16:50:27.000Z,-161.402347,54.084027,30,8900
2019-01-03T16:55:36.000Z,-161.35952,54.084347,30,8800
2019-01-03T16:57:47.000Z,-161.342507,54.084480000000006,30,8800
2019-01-03T17:06:25.000Z,-161.276833,54.08545,30,8800
2019-01-03T17:07:18.000Z,-161.270373,54.085547,30,8800
2019-01-03T17:07:30.000Z,-161.268853,54.085573,30,8800
2019-01-03T17:07:35.000Z,-161.26808,54.085573,29,8800
2019-01-03T17:08:29.000Z,-161.260933,54.08568,29,8800
2019-01-03T17:08:41.000Z,-161.259387,54.08570699999999,30,8800
2019-01-03T17:09:12.000Z,-161.25544,54.085787,30,8700
2019-01-03T17:09:17.000Z,-161.254907,54.085813,30,8800
2019-01-03T17:09:22.000Z,-161.2544,54.085813,29,8800
2019-01-03T17:09:29.000Z,-161.253387,54.08584000000001,30,8700
2019-01-03T17:10:04.000Z,-161.2488,54.085947,30,8700
2019-01-03T17:10:23.000Z,-161.246267,54.086027,30,8600
2019-01-03T17:10:29.000Z,-161.245787,54.086027,30,8600
2019-01-03T17:10:35.000Z,-161.244773,54.08608,30,8600
2019-01-03T17:10:47.000Z,-161.243253,54.086107,30,8700
2019-01-03T17:10:59.000Z,-161.24170700000005,54.08616,30,8700
2019-01-03T17:11:04.000Z,-161.2412,54.08616,30,8700
2019-01-03T17:12:48.000Z,-161.22835,54.086467000000006,29,8700
2019-01-03T17:22:05.000Z,-161.15786699999995,54.08762700000001,29,8900
2019-01-03T17:41:19.000Z,-161.013867,54.089633,29,8800
2019-01-03T17:47:44.000Z,-160.96651699999995,54.090217,28,8800
2019-01-03T17:54:41.000Z,-160.9151,54.0907,28,8900
2019-01-03T17:54:59.000Z,-160.91278300000005,54.090683,28,9000
2019-01-03T18:23:08.000Z,-160.707183,54.08865,28,9000
2019-01-03T18:25:30.000Z,-160.689973,54.0884,28,9100
2019-01-03T18:29:06.000Z,-160.663147,54.088027,28,9000
2019-01-03T18:35:23.000Z,-160.618213,54.087227,27,9100
2019-01-03T18:49:14.000Z,-160.5209,54.086167,27,9100
2019-01-03T18:58:20.000Z,-160.455667,54.085717,27,9000
2019-01-03T19:01:42.000Z,-160.431307,54.085547,28,9000
2019-01-03T19:14:08.000Z,-160.341733,54.084917,28,9000
2019-01-03T19:24:00.000Z,-160.27085,54.084283,28,9000
2019-01-03T19:33:08.000Z,-160.205617,54.0839,27,9000
2019-01-03T19:33:09.000Z,-160.205173,54.083893,27,9000
2019-01-03T19:33:33.000Z,-160.2024,54.083893,27,8900
2019-01-03T19:33:38.000Z,-160.20144,54.083893,28,8900
2019-01-03T19:51:55.000Z,-160.071933,54.083383,27,9000
2019-01-03T19:59:02.000Z,-160.02158300000005,54.0834,27,9000
2019-01-03T20:21:19.000Z,-159.8665,54.07875,27,9100
2019-01-03T21:01:13.000Z,-159.589883,54.07055,27,9300
2019-01-03T21:05:17.000Z,-159.56008,54.069573,27,9300
2019-01-03T21:16:01.000Z,-159.482853,54.06704000000001,28,9400
2019-01-03T21:29:54.000Z,-159.382567,54.064283,28,9200
2019-01-03T21:31:25.000Z,-159.3719,54.064067,28,9200
2019-01-03T21:50:23.000Z,-159.2304,54.06,29,9200
2019-01-03T22:04:44.000Z,-159.12321699999995,54.0559,29,9300
2019-01-03T22:10:08.000Z,-159.083173,54.054373,29,9300
2019-01-03T22:10:23.000Z,-159.08216000000004,54.05432,29,9300
2019-01-03T22:10:39.000Z,-159.079653,54.054213,29,9400
2019-01-03T22:11:09.000Z,-159.075627,54.054053,29,9400
2019-01-03T22:11:57.000Z,-159.069973,54.053813,29,9300
2019-01-03T22:12:15.000Z,-159.06744,54.053733,29,9300
2019-01-03T22:12:51.000Z,-159.062907,54.053573,29,9300
2019-01-03T22:13:51.000Z,-159.05552,54.05336,29,9200
2019-01-03T22:14:51.000Z,-159.04808,54.053013,29,9400
2019-01-03T22:14:57.000Z,-159.047067,54.05296,29,9500
2019-01-03T22:15:51.000Z,-159.04050700000005,54.052613,29,9400
2019-01-03T22:15:56.000Z,-159.04,54.052587,29,9400
2019-01-03T22:16:16.000Z,-159.03752,54.05248,29,9400
2019-01-03T22:17:56.000Z,-159.0252,54.052,29,9200
2019-01-03T22:19:09.000Z,-159.015867,54.051627,29,9400
2019-01-03T22:19:39.000Z,-159.012133,54.05149300000001,29,9300
2019-01-03T22:20:09.000Z,-159.00864,54.05133299999999,29,9300
2019-01-03T22:20:33.000Z,-159.005653,54.051227,29,9300
2019-01-03T22:20:39.000Z,-159.00466699999996,54.0512,29,9300
2019-01-03T22:20:45.000Z,-159.003653,54.051147,29,9400
2019-01-03T22:20:53.000Z,-159.003173,54.051147,29,9300
2019-01-03T22:40:31.000Z,-158.853983,54.0455,29,9300
2019-01-03T22:46:14.000Z,-158.81061699999995,54.04385,29,9400
2019-01-03T22:49:15.000Z,-158.78733300000005,54.04306700000001,29,9300
2019-01-03T23:08:19.000Z,-158.64298300000004,54.037817,29,9300
2019-01-03T23:11:31.000Z,-158.618667,54.03706700000001,29,9400
2019-01-03T23:19:55.000Z,-158.554933,54.034933,29,9200
2019-01-03T23:48:19.000Z,-158.339,54.028683,29,9200
2019-01-03T23:54:08.000Z,-158.2943,54.027133,30,9300
2019-01-04T00:20:31.000Z,-158.092167,54.0208,30,9200
2019-01-04T00:28:26.000Z,-158.031,54.018933,30,9200
2019-01-04T00:46:54.000Z,-157.889483,54.0146,29,9300
2019-01-04T00:54:31.000Z,-157.83155,54.012483,30,9400
2019-01-04T01:04:43.000Z,-157.753433,54.0096,30,9400
2019-01-04T01:11:20.000Z,-157.70245,54.0073,30,9400
2019-01-04T01:16:55.000Z,-157.65955,54.00533299999999,30,9300
2019-01-04T01:39:49.000Z,-157.48971699999996,53.998383,23,9400
2019-01-04T01:44:08.000Z,-157.46655,53.996917,19,9400
2019-01-04T02:18:08.000Z,-157.385467,53.992383,1,11300
2019-01-04T02:24:38.000Z,-157.384,53.99211700000001,0,6700
2019-01-04T02:53:57.000Z,-157.3825,53.99835,1,1200
2019-01-04T03:00:37.000Z,-157.3817,54.000333,2,1300
2019-01-04T03:26:48.000Z,-157.379417,54.00805,2,1700
2019-01-04T03:32:47.000Z,-157.37813300000005,54.01023299999999,2,1700
2019-01-04T04:00:27.000Z,-157.37105,54.02125,3,1900
2019-01-04T04:34:38.000Z,-157.36145,54.03535,3,2300
2019-01-04T04:38:14.000Z,-157.360117,54.037,3,2600
2019-01-04T04:40:14.000Z,-157.35945,54.0379,3,2500
2019-01-04T04:44:48.000Z,-157.3579,54.039833,3,2300
2019-01-04T05:08:58.000Z,-157.34995,54.04966700000001,2,2200
2019-01-04T05:16:07.000Z,-157.347983,54.05245,2,2200
2019-01-04T06:23:21.000Z,-157.327667,54.0768,2,2800
2019-01-04T06:54:10.000Z,-157.29826699999995,54.0808,18,9600
2019-01-04T06:56:48.000Z,-157.28384,54.079813,22,9600
2019-01-04T06:57:09.000Z,-157.281867,54.07968,23,9600
2019-01-04T06:57:18.000Z,-157.28106699999995,54.079627,23,9600
2019-01-04T06:57:28.000Z,-157.27983999999995,54.079547,23,9600
2019-01-04T06:57:48.000Z,-157.27778700000005,54.079387,24,9600
2019-01-04T07:22:06.000Z,-157.09456,54.056347,32,10200
2019-01-04T07:28:12.000Z,-157.04535,54.05011700000001,32,10100
2019-01-04T07:31:53.000Z,-157.0154,54.04621700000001,32,10200
2019-01-04T07:45:11.000Z,-156.90554699999996,54.03186700000001,32,10200
2019-01-04T07:45:29.000Z,-156.903333,54.031547,32,10300
2019-01-04T07:46:04.000Z,-156.898267,54.030827,33,10200
2019-01-04T07:46:17.000Z,-156.89664,54.030613,33,10300
2019-01-04T07:46:22.000Z,-156.89608,54.03056,33,10200
2019-01-04T07:46:28.000Z,-156.89496,54.0304,32,10200
2019-01-04T07:47:22.000Z,-156.88783999999995,54.029493,32,10200
2019-01-04T07:47:28.000Z,-156.886747,54.02936,33,10200
2019-01-04T07:47:47.000Z,-156.884107,54.029013,33,10200
2019-01-04T07:47:54.000Z,-156.88357299999996,54.028933,32,10200
2019-01-04T07:47:59.000Z,-156.882507,54.0288,33,10200
2019-01-04T07:48:04.000Z,-156.881813,54.028693,33,10200
2019-01-04T07:48:17.000Z,-156.880187,54.028507,32,10200
2019-01-04T08:12:42.000Z,-156.682167,54.001133,32,10200
2019-01-04T08:33:13.000Z,-156.513307,53.977547,32,10000
2019-01-04T08:35:13.000Z,-156.49656000000004,53.975627,33,10000
2019-01-04T08:35:25.000Z,-156.495467,53.97549300000001,33,10100
2019-01-04T08:35:37.000Z,-156.493253,53.9752,33,10000
2019-01-04T08:35:42.000Z,-156.492693,53.975147,33,10100
2019-01-04T08:38:49.000Z,-156.46690700000005,53.972187,33,10000
2019-01-04T08:38:55.000Z,-156.46605300000004,53.972107,33,10000
2019-01-04T08:39:07.000Z,-156.4644,53.97192,33,10000
2019-01-04T08:39:14.000Z,-156.46384,53.971867,33,10000
2019-01-04T08:39:19.000Z,-156.462693,53.97176,33,10000
2019-01-04T08:39:25.000Z,-156.462133,53.971707,33,10000
2019-01-04T08:39:37.000Z,-156.460507,53.971493,33,10000
2019-01-04T08:39:43.000Z,-156.45941299999996,53.971387,33,10000
2019-01-04T08:39:49.000Z,-156.45832,53.971253,33,10000
2019-01-04T08:39:54.000Z,-156.45776,53.9712,33,10000
2019-01-04T08:40:13.000Z,-156.45498700000005,53.97085300000001,33,10000
2019-01-04T08:40:18.000Z,-156.454453,53.9708,33,10000
2019-01-04T08:40:43.000Z,-156.45128,53.970453000000006,33,10100
2019-01-04T08:40:49.000Z,-156.45016,53.97029300000001,33,10100
2019-01-04T08:41:01.000Z,-156.448507,53.97010699999999,33,10100
2019-01-04T08:41:43.000Z,-156.44298700000004,53.969467,33,10100
2019-01-04T08:42:00.000Z,-156.440213,53.969147,33,10100
2019-01-04T08:42:07.000Z,-156.439653,53.969067,33,10000
2019-01-04T08:42:13.000Z,-156.438533,53.96893299999999,33,10000
2019-01-04T08:42:31.000Z,-156.436453,53.968693,33,10000
2019-01-04T08:42:37.000Z,-156.435333,53.96856,33,10000
2019-01-04T08:42:43.000Z,-156.434773,53.968507,33,10100
2019-01-04T08:42:48.000Z,-156.433947,53.9684,33,10100
2019-01-04T08:43:01.000Z,-156.432267,53.968213,33,10000
2019-01-04T08:43:36.000Z,-156.427307,53.967627,33,10000
2019-01-04T08:43:43.000Z,-156.426213,53.96749300000001,33,10100
2019-01-04T08:43:48.000Z,-156.425653,53.967413,33,10000
2019-01-04T08:43:54.000Z,-156.424533,53.967307,33,10000
2019-01-04T08:44:00.000Z,-156.42344,53.967173,33,10100
2019-01-04T09:13:23.000Z,-156.18113300000005,53.9394,33,9900
2019-01-04T09:23:29.000Z,-156.095973,53.931493,33,9800
2019-01-04T09:52:23.000Z,-155.853367,53.91395,33,9600
2019-01-04T09:55:42.000Z,-155.82631999999995,53.912187,33,9500
2019-01-04T10:56:48.000Z,-155.306967,53.87645,33,9700
2019-01-04T11:02:47.000Z,-155.255933,53.87245,33,9700
2019-01-04T11:36:18.000Z,-154.97133300000004,53.85055,34,9700
2019-01-04T11:39:21.000Z,-154.94544,53.848533,33,9700
2019-01-04T11:41:46.000Z,-154.92328,53.846747,33,9700
2019-01-04T11:41:52.000Z,-154.92272,53.84672,33,9600
2019-01-04T11:42:46.000Z,-154.914773,53.846133,33,9700
2019-01-04T11:44:34.000Z,-154.89938700000005,53.844827,33,9800
2019-01-04T11:44:58.000Z,-154.89656000000005,53.844613,33,9700
2019-01-04T11:45:16.000Z,-154.89383999999995,53.844347,33,9700
2019-01-04T11:45:21.000Z,-154.89269299999995,53.844267,33,9700
2019-01-04T11:45:28.000Z,-154.892133,53.844213,33,9700
2019-01-04T11:45:40.000Z,-154.890427,53.84408000000001,33,9700
2019-01-04T11:47:28.000Z,-154.87503999999996,53.84248,33,10000
2019-01-04T11:47:51.000Z,-154.871707,53.84208,33,10000
2019-01-04T11:47:57.000Z,-154.871147,53.842027,33,10000
2019-01-04T11:48:09.000Z,-154.86944,53.841813,33,10000
2019-01-04T11:48:15.000Z,-154.868293,53.84168,33,10000
2019-01-04T11:48:21.000Z,-154.86773300000004,53.841627,33,10000
2019-01-04T11:48:27.000Z,-154.866613,53.84152,33,10000
2019-01-04T11:48:45.000Z,-154.864373,53.84128000000001,33,10000
2019-01-04T11:48:58.000Z,-154.862107,53.841013,33,10000
2019-01-04T12:16:10.000Z,-154.634367,53.8204,33,9600
2019-01-04T12:39:11.000Z,-154.44171699999995,53.807633,33,9500
2019-01-04T12:49:23.000Z,-154.356333,53.801633,33,9700
2019-01-04T12:50:23.000Z,-154.34805,53.80105,33,9600
2019-01-04T13:12:05.000Z,-154.166833,53.788433,32,9600
2019-01-04T13:18:59.000Z,-154.109933,53.78465,32,9600
2019-01-04T13:26:46.000Z,-154.044453,53.780533,32,9500
2019-01-04T13:38:07.000Z,-153.9516,53.77488,32,9500
2019-01-04T13:45:13.000Z,-153.892533,53.77176,32,9500
2019-01-04T13:53:10.000Z,-153.82915,53.76838299999999,32,9600
2019-01-04T14:05:16.000Z,-153.7317,53.761667,31,9600
2019-01-04T14:26:51.000Z,-153.560133,53.74968000000001,31,9600
2019-01-04T14:28:34.000Z,-153.54672,53.7488,31,9600
2019-01-04T14:29:11.000Z,-153.542133,53.748533,31,9500
2019-01-04T14:29:29.000Z,-153.539493,53.748373,31,9500
2019-01-04T14:32:54.000Z,-153.5127,53.74661700000001,31,9600
2019-01-04T14:40:31.000Z,-153.453467,53.742533,31,9600
2019-01-04T15:00:59.000Z,-153.28966699999995,53.731433,31,9700
2019-01-04T15:07:12.000Z,-153.2402,53.7281,31,9600
2019-01-04T15:17:32.000Z,-153.157893,53.72162700000001,31,9700
2019-01-04T15:23:13.000Z,-153.11178700000005,53.717893,31,9700
2019-01-04T15:42:17.000Z,-152.96293300000005,53.70466700000001,31,9800
2019-01-04T16:05:22.000Z,-152.776107,53.686933,34,9900
2019-01-04T16:12:12.000Z,-152.71803300000005,53.68155,34,9800
2019-01-04T16:13:00.000Z,-152.70949299999995,53.680827,34,9800
2019-01-04T16:13:42.000Z,-152.70338700000005,53.680293000000006,34,9800
2019-01-04T16:13:48.000Z,-152.7028,53.680213,34,9900
2019-01-04T16:13:53.000Z,-152.70168,53.680133,34,9800
2019-01-04T16:14:11.000Z,-152.699413,53.67992,34,9900
2019-01-04T16:14:48.000Z,-152.694267,53.679413,34,9900
2019-01-04T16:15:36.000Z,-152.687333,53.678747,34,9900
2019-01-04T16:15:42.000Z,-152.686773,53.678693,34,9800
2019-01-04T16:15:54.000Z,-152.68504,53.67856,34,9800
2019-01-04T16:16:31.000Z,-152.682187,53.678293,34,9700
2019-01-04T16:16:58.000Z,-152.678773,53.678027,34,9700
2019-01-04T16:17:13.000Z,-152.67650700000004,53.677813,33,9600
2019-01-04T16:17:24.000Z,-152.674933,53.67768,33,9700
2019-01-04T16:17:37.000Z,-152.67328,53.6776,33,9700
2019-01-04T16:17:43.000Z,-152.672133,53.67749300000001,33,9700
2019-01-04T16:17:47.000Z,-152.670417,53.677383,33,9700
2019-01-04T16:17:49.000Z,-152.67098700000003,53.677413,33,9700
2019-01-04T16:17:53.000Z,-152.6676,53.677147,33,9700
2019-01-04T16:18:01.000Z,-152.669307,53.67728,33,9700
2019-01-04T16:18:18.000Z,-152.667067,53.677093000000006,33,9700
2019-01-04T16:18:25.000Z,-152.666507,53.67704000000001,33,9800
2019-01-04T16:18:31.000Z,-152.66536000000005,53.676933,34,9800
2019-01-04T16:18:37.000Z,-152.66423999999995,53.676827,33,9800
2019-01-04T16:18:44.000Z,-152.66368,53.6768,33,9800
2019-01-04T16:18:55.000Z,-152.661973,53.67664,34,9900
2019-01-04T16:19:13.000Z,-152.659173,53.676373,34,9800
2019-01-04T16:19:19.000Z,-152.65872,53.67632,34,9900
2019-01-04T16:19:25.000Z,-152.6576,53.676213,33,9900
2019-01-04T16:19:38.000Z,-152.655893,53.676053,34,9800
2019-01-04T16:19:55.000Z,-152.653333,53.675813,34,9800
2019-01-04T16:20:01.000Z,-152.652773,53.67576,34,9800
2019-01-04T16:20:12.000Z,-152.65106699999995,53.6756,33,9800
2019-01-04T16:20:43.000Z,-152.646587,53.675227,33,9700
2019-01-04T16:20:55.000Z,-152.644853,53.675093,33,9700
2019-01-04T16:21:13.000Z,-152.64216000000005,53.67488,33,9700
2019-01-04T16:22:02.000Z,-152.635333,53.67432,33,9700
2019-01-04T16:22:16.000Z,-152.633653,53.674187,33,9800
2019-01-04T16:22:19.000Z,-152.633093,53.674133,33,9800
2019-01-04T16:22:31.000Z,-152.63136,53.673973,34,9800
2019-01-04T16:22:38.000Z,-152.63024,53.673867,33,9800
2019-01-04T16:46:05.000Z,-152.44035,53.657367,31,9700
2019-01-04T16:51:23.000Z,-152.39885,53.65385,31,9800
2019-01-04T16:51:32.000Z,-152.397307,53.653707,31,9800
2019-01-04T16:51:38.000Z,-152.396773,53.65368,31,9700
2019-01-04T16:51:43.000Z,-152.395733,53.653573,31,9700
2019-01-04T16:52:02.000Z,-152.393627,53.653413,31,9700
2019-01-04T16:52:09.000Z,-152.39258700000005,53.653333,31,9700
2019-01-04T16:53:37.000Z,-152.38058700000005,53.65232,31,9700
2019-01-04T16:59:43.000Z,-152.33144,53.648133,31,9700
2019-01-04T17:00:55.000Z,-152.322053,53.647307,31,9800
2019-01-04T17:20:35.000Z,-152.1679,53.63466700000001,31,9700
2019-01-04T17:25:47.000Z,-152.1268,53.631633,31,9700
2019-01-04T17:52:23.000Z,-151.91392,53.615627,31,9800
2019-01-04T17:54:11.000Z,-151.9013,53.614617,31,9700
2019-01-04T17:59:48.000Z,-151.85663300000004,53.610567,31,9900
2019-01-04T18:15:22.000Z,-151.73391999999996,53.598907,31,9700
2019-01-04T18:18:29.000Z,-151.709283,53.59651700000001,31,9900
2019-01-04T18:35:42.000Z,-151.57555,53.5829,31,9900
2019-01-04T18:40:47.000Z,-151.5364,53.57895,31,9900
2019-01-04T18:51:53.000Z,-151.45101699999995,53.57005,30,9900
2019-01-04T19:11:54.000Z,-151.296967,53.55376700000001,30,9900
2019-01-04T19:15:59.000Z,-151.26578700000005,53.55072,30,9900
2019-01-04T19:16:04.000Z,-151.265253,53.550667,30,9900
2019-01-04T19:16:11.000Z,-151.26424,53.55056,30,9800
2019-01-04T19:16:16.000Z,-151.2632,53.55048000000001,31,9900
2019-01-04T19:16:34.000Z,-151.261147,53.55026700000001,30,9900
2019-01-04T19:16:46.000Z,-151.2596,53.550107,30,9900
2019-01-04T19:16:51.000Z,-151.258587,53.55,31,10000
2019-01-04T19:16:58.000Z,-151.258053,53.549947,31,9900
2019-01-04T19:17:35.000Z,-151.25343999999996,53.549413,31,10000
2019-01-04T19:17:47.000Z,-151.251893,53.549253,31,10000
2019-01-04T19:17:52.000Z,-151.250987,53.549147,31,10000
2019-01-04T19:18:47.000Z,-151.244027,53.5484,31,9900
2019-01-04T19:18:52.000Z,-151.243493,53.548347,31,9900
2019-01-04T19:18:59.000Z,-151.242453,53.548267,31,9900
2019-01-04T19:19:04.000Z,-151.241973,53.548187,31,9900
2019-01-04T19:19:11.000Z,-151.240933,53.54808000000001,31,9900
2019-01-04T19:19:46.000Z,-151.236293,53.547627,31,9900
2019-01-04T19:19:51.000Z,-151.23592,53.5476,31,9900
2019-01-04T19:19:58.000Z,-151.23485300000004,53.547493,31,9900
2019-01-04T19:20:03.000Z,-151.234347,53.54746700000001,31,9900
2019-01-04T19:20:10.000Z,-151.233307,53.54736,31,9900
2019-01-04T19:20:16.000Z,-151.23226699999995,53.547227,31,9900
2019-01-04T19:20:22.000Z,-151.23173300000005,53.5472,31,9900
2019-01-04T19:20:34.000Z,-151.230187,53.54704,31,9800
2019-01-04T19:20:58.000Z,-151.227067,53.546747,31,9800
2019-01-04T19:21:05.000Z,-151.226027,53.54664,31,9800
2019-01-04T19:21:10.000Z,-151.22552,53.546587,31,9800
2019-01-04T19:21:16.000Z,-151.224453,53.54648,31,9900
2019-01-04T19:25:05.000Z,-151.194883,53.54343299999999,31,9800
2019-01-04T19:34:34.000Z,-151.12145,53.53615,31,9900
2019-01-04T19:40:47.000Z,-151.0732,53.53143299999999,30,9800
2019-01-04T19:52:09.000Z,-150.98512,53.522907,31,9900
2019-01-04T19:56:38.000Z,-150.950533,53.51965300000001,31,9900
2019-01-04T20:05:28.000Z,-150.881867,53.512967,31,9800
2019-01-04T20:16:18.000Z,-150.79783999999995,53.505147,31,9800
2019-01-04T20:32:54.000Z,-150.668817,53.49248299999999,31,10000
2019-01-04T20:41:17.000Z,-150.60458300000005,53.48555,31,9900
2019-01-04T21:00:41.000Z,-150.454467,53.468983,31,9900
2019-01-04T21:14:24.000Z,-150.348533,53.4575,31,9900
2019-01-04T21:14:32.000Z,-150.348533,53.45749300000001,31,9900
2019-01-04T21:14:38.000Z,-150.34752,53.457387,31,9900
2019-01-04T21:15:02.000Z,-150.3444,53.457067,31,9900
2019-01-04T21:15:13.000Z,-150.342853,53.456907,31,9900
2019-01-04T21:15:25.000Z,-150.34143999999995,53.456747,31,10000
2019-01-04T21:15:37.000Z,-150.339867,53.456587,31,10000
2019-01-04T21:16:01.000Z,-150.33704,53.456267,31,10000
2019-01-04T21:16:37.000Z,-150.332373,53.455733,31,10000
2019-01-04T21:17:06.000Z,-150.32821299999995,53.45528,31,10000
2019-01-04T21:17:19.000Z,-150.326667,53.45509300000001,31,10000
2019-01-04T21:26:41.000Z,-150.253533,53.44651700000001,31,10100
2019-01-04T21:28:06.000Z,-150.24152,53.445067,31,10000
2019-01-04T21:28:13.000Z,-150.24048,53.444933,31,10100
2019-01-04T21:28:37.000Z,-150.237333,53.444587,31,10100
2019-01-04T21:29:01.000Z,-150.23424,53.444213,31,10100
2019-01-04T21:29:13.000Z,-150.232827,53.444027,31,10100
2019-01-04T21:29:37.000Z,-150.229733,53.443627,31,10100
2019-01-04T21:30:18.000Z,-150.22456,53.44304,31,10000
2019-01-04T21:30:24.000Z,-150.22352,53.442933,31,10100
2019-01-04T21:30:30.000Z,-150.22304,53.442853,31,10000
2019-01-04T21:30:49.000Z,-150.220427,53.44256,31,10100
2019-01-04T21:30:55.000Z,-150.21992,53.44250699999999,31,10000
2019-01-04T21:31:24.000Z,-150.215867,53.44208,31,10000
2019-01-04T21:31:30.000Z,-150.21533300000004,53.442,31,10000
2019-01-04T21:31:37.000Z,-150.214293,53.44189300000001,31,10000
2019-01-04T21:31:42.000Z,-150.21352,53.441813,31,10000
2019-01-04T21:32:18.000Z,-150.20888,53.441280000000006,31,10000
2019-01-04T21:32:24.000Z,-150.208347,53.44122700000001,31,10000
2019-01-04T21:32:30.000Z,-150.207307,53.441093,31,10000
2019-01-04T21:32:37.000Z,-150.206267,53.44096,31,10000
2019-01-04T21:32:49.000Z,-150.20472,53.4408,31,10000
2019-01-04T21:33:01.000Z,-150.20368,53.44066700000001,31,10000
2019-01-04T21:33:31.000Z,-150.199653,53.440213,31,10000
2019-01-04T21:33:37.000Z,-150.198613,53.44008,31,10100
2019-01-04T21:33:49.000Z,-150.197067,53.43989300000001,31,10100
2019-01-04T21:33:54.000Z,-150.19653300000004,53.43984,31,10000
2019-01-04T21:34:01.000Z,-150.195493,53.43968,31,10100
2019-01-04T21:34:13.000Z,-150.193947,53.43949300000001,31,10100
2019-01-04T21:34:19.000Z,-150.19343999999995,53.43944000000001,31,10100
2019-01-04T21:34:49.000Z,-150.189253,53.438933,31,10100
2019-01-04T21:35:01.000Z,-150.18770700000005,53.438747,31,10100
2019-01-04T21:35:13.000Z,-150.186133,53.43856,31,10100
2019-01-04T21:35:19.000Z,-150.18576000000004,53.43853299999999,31,10000
2019-01-04T21:35:25.000Z,-150.18472,53.4384,31,10000
2019-01-04T21:35:31.000Z,-150.184187,53.438347,31,10100
2019-01-04T21:35:37.000Z,-150.182907,53.438187,31,10000
2019-01-04T21:35:43.000Z,-150.18237299999996,53.43816,31,10000
2019-01-04T21:35:54.000Z,-150.1808,53.437973,31,10000
2019-01-04T21:36:55.000Z,-150.172987,53.437093,31,10000
2019-01-04T21:37:01.000Z,-150.17192,53.43696,31,10000
2019-01-04T21:37:19.000Z,-150.169973,53.436747,31,10000
2019-01-04T21:37:31.000Z,-150.1684,53.43656,31,10000
2019-01-04T21:37:43.000Z,-150.166853,53.4364,31,10100
2019-01-04T21:37:54.000Z,-150.165307,53.436213,31,10000
2019-01-04T21:38:06.000Z,-150.163733,53.436027,31,10000
2019-01-04T21:38:19.000Z,-150.16216,53.435867,31,10000
2019-01-04T21:38:24.000Z,-150.161147,53.43576,31,10000
2019-01-04T22:25:05.000Z,-149.79718300000005,53.3916,31,10200
2019-01-04T22:39:04.000Z,-149.688367,53.37903299999999,31,9800
2019-01-04T22:47:29.000Z,-149.620933,53.372267,31,9800
2019-01-04T22:48:29.000Z,-149.613067,53.371467,31,9800
2019-01-04T22:48:58.000Z,-149.60943999999995,53.371147,31,9800
2019-01-04T22:49:40.000Z,-149.603787,53.370587,31,9900
2019-01-04T22:50:34.000Z,-149.5964,53.36984,31,9900
2019-01-04T22:50:47.000Z,-149.594853,53.36968,31,9900
2019-01-04T22:50:58.000Z,-149.59378700000005,53.3696,31,9900
2019-01-04T22:51:53.000Z,-149.586347,53.36888,31,9800
2019-01-04T22:52:41.000Z,-149.580053,53.36832,31,9900
2019-01-04T22:52:47.000Z,-149.579547,53.36829300000001,31,9900
2019-01-04T22:53:17.000Z,-149.575467,53.367893,31,9800
2019-01-04T22:53:46.000Z,-149.57183999999995,53.367547,31,9800
2019-01-04T22:53:52.000Z,-149.5708,53.36746700000001,31,9800
2019-01-04T22:53:58.000Z,-149.570267,53.367413,31,9800
2019-01-04T22:54:17.000Z,-149.567653,53.367173,31,9800
2019-01-04T22:54:28.000Z,-149.56610700000004,53.36704,31,9800
2019-01-04T22:54:34.000Z,-149.5656,53.36696,31,9900
2019-01-04T22:57:00.000Z,-149.547233,53.365217,31,9800
2019-01-04T23:17:54.000Z,-150.26232,53.44749300000001,31,10000
2019-01-04T23:31:29.000Z,-149.27658300000004,53.3408,31,9800
2019-01-04T23:38:00.000Z,-149.225367,53.335833,31,9800
2019-01-05T00:16:35.000Z,-148.9261,53.3018,31,10300
2019-01-05T00:16:59.000Z,-148.923183,53.301367000000006,31,10300
2019-01-05T00:34:42.000Z,-148.78915,53.282033,31,10400
2019-01-05T00:42:24.000Z,-148.72993300000005,53.273333,31,10300
2019-01-05T00:48:35.000Z,-148.68275,53.26625,31,10400
2019-01-05T00:53:36.000Z,-148.644867,53.260567,31,10400
2019-01-05T01:12:11.000Z,-148.502467,53.239417,31,10300
2019-01-05T01:17:53.000Z,-148.45853300000005,53.23328299999999,31,10100
2019-01-05T01:22:11.000Z,-148.42478300000005,53.229033,31,10100
2019-01-05T01:27:59.000Z,-148.37915,53.223283,32,10100
2019-01-05T01:55:34.000Z,-148.16538300000005,53.19845,31,10000
2019-01-05T02:00:46.000Z,-148.125067,53.193917000000006,31,10000
2019-01-05T02:06:35.000Z,-148.08035,53.18898299999999,31,9900
2019-01-05T02:38:17.000Z,-147.833517,53.162183,31,9900
2019-01-05T03:11:47.000Z,-147.57435,53.132583,31,10100
2019-01-05T03:48:11.000Z,-147.29101699999995,53.097867,32,10300
2019-01-05T04:21:05.000Z,-147.035333,53.061567,32,10200
2019-01-05T04:47:53.000Z,-146.826533,53.03165,32,10300
2019-01-05T04:59:12.000Z,-146.7384,53.018833,32,10300
2019-01-05T04:59:15.000Z,-146.737367,53.018667,32,10300
2019-01-05T04:59:44.000Z,-146.7341,53.0182,32,10300
2019-01-05T05:00:03.000Z,-146.7315,53.017833,32,10300
2019-01-05T05:00:15.000Z,-146.72995,53.017617,32,10300
2019-01-05T05:22:29.000Z,-146.558017,52.99228299999999,32,10400
2019-01-05T05:28:35.000Z,-146.5103,52.985333,32,10300
2019-01-05T05:56:29.000Z,-146.2945,52.951983,32,10400
2019-01-05T06:03:53.000Z,-146.237367,52.9429,31,10400
2019-01-05T06:09:00.000Z,-146.19805,52.93666700000001,32,10500
2019-01-05T06:38:23.000Z,-145.983367,52.903083,29,10200
2019-01-05T06:39:45.000Z,-145.973283,52.901783,29,10100
2019-01-05T07:06:36.000Z,-145.780117,52.87566700000001,29,10300
2019-01-05T07:08:18.000Z,-145.768133,52.87405,29,10200
2019-01-05T07:15:11.000Z,-145.718717,52.867433,29,10200
2019-01-05T07:18:11.000Z,-145.6973,52.86455,29,10200
2019-01-05T07:48:35.000Z,-145.48336,52.833733,29,10400
2019-01-05T07:55:50.000Z,-145.43115,52.82525,29,10500
2019-01-05T08:17:05.000Z,-145.282467,52.8013,29,10400
2019-01-05T08:27:29.000Z,-145.20965,52.789817000000006,29,10500
2019-01-05T08:31:42.000Z,-145.180267,52.784907,29,10500
2019-01-05T08:51:24.000Z,-145.043133,52.763567,29,10400
2019-01-05T08:56:47.000Z,-145.00546699999995,52.75766700000001,29,10200
2019-01-05T08:57:17.000Z,-145.001253,52.757067000000006,29,10200
2019-01-05T10:08:29.000Z,-144.50945,52.68298299999999,29,10300
2019-01-05T10:15:21.000Z,-144.46018700000005,52.67602700000001,28,10300
2019-01-05T10:15:27.000Z,-144.459253,52.675947,28,10200
2019-01-05T10:16:15.000Z,-144.453707,52.675147,28,10300
2019-01-05T10:17:46.000Z,-144.443573,52.673733,29,10300
2019-01-05T10:18:57.000Z,-144.435147,52.6724,29,10500
2019-01-05T10:19:34.000Z,-144.43106699999996,52.671733,29,10500
2019-01-05T10:19:52.000Z,-144.428747,52.671333,29,10500
2019-01-05T10:19:58.000Z,-144.428053,52.6712,29,10500
2019-01-05T10:20:47.000Z,-144.422453,52.670267,29,10500
2019-01-05T10:21:04.000Z,-144.420107,52.669867,29,10600
2019-01-05T10:21:35.000Z,-144.41696000000005,52.669333,29,10600
2019-01-05T10:21:58.000Z,-144.41416,52.668827,29,10600
2019-01-05T10:22:04.000Z,-144.413227,52.668667000000006,29,10500
2019-01-05T10:22:10.000Z,-144.412747,52.66856,29,10600
2019-01-05T10:22:28.000Z,-144.4104,52.66816,29,10500
2019-01-05T10:22:41.000Z,-144.40904,52.667947,29,10500
2019-01-05T10:23:10.000Z,-144.40576,52.667413,29,10500
2019-01-05T10:23:16.000Z,-144.4048,52.66728000000001,29,10400
2019-01-05T10:23:22.000Z,-144.404347,52.6672,29,10400
2019-01-05T10:23:35.000Z,-144.402587,52.66693299999999,29,10300
2019-01-05T10:33:48.000Z,-144.331233,52.65536700000001,29,10300
2019-01-05T10:42:06.000Z,-144.27228300000004,52.646,29,10300
2019-01-05T11:12:36.000Z,-144.05445,52.6116,30,10500
2019-01-05T11:13:13.000Z,-144.05013300000005,52.610883,30,10500
2019-01-05T11:14:13.000Z,-144.04305,52.609733,30,10400
2019-01-05T11:43:53.000Z,-143.832667,52.572633,29,10600
2019-01-05T11:49:23.000Z,-143.794267,52.565633,29,10600
2019-01-05T11:54:59.000Z,-143.75565,52.55883299999999,29,10600
2019-01-05T12:17:35.000Z,-143.599767,52.530633,29,10600
2019-01-05T12:25:41.000Z,-143.54399999999995,52.520883,29,10500
2019-01-05T12:26:10.000Z,-143.54028300000004,52.52025,29,10500
2019-01-05T12:57:05.000Z,-143.326967,52.484683,28,10400
2019-01-05T13:02:59.000Z,-143.286733,52.47825,28,10400
2019-01-05T13:09:10.000Z,-143.2444,52.471433,28,10300
2019-01-05T13:27:53.000Z,-143.113283,52.45125,30,10400
2019-01-05T13:30:18.000Z,-143.09571699999995,52.4489,29,10100
2019-01-05T13:36:36.000Z,-143.050667,52.4428,30,10200
2019-01-05T13:57:15.000Z,-142.901387,52.422187,30,10300
2019-01-05T14:10:21.000Z,-142.810667,52.406427,29,10800
2019-01-05T14:11:08.000Z,-142.804987,52.405253,29,10800
2019-01-05T14:11:19.000Z,-142.8036,52.40496,29,10800
2019-01-05T14:12:54.000Z,-142.79263999999995,52.40272,29,10700
2019-01-05T14:13:18.000Z,-142.78984,52.402187,29,10700
2019-01-05T14:13:24.000Z,-142.789387,52.40208,29,10700
2019-01-05T14:13:31.000Z,-142.788427,52.40192,29,10700
2019-01-05T14:40:40.000Z,-142.599067,52.36355,29,10800
2019-01-05T14:45:47.000Z,-142.5638,52.356333,29,10800
2019-01-05T14:49:43.000Z,-142.53632,52.350747,29,10800
2019-01-05T14:50:01.000Z,-142.53448,52.350373,29,10800
2019-01-05T14:50:31.000Z,-142.530693,52.3496,29,10800
2019-01-05T14:50:50.000Z,-142.528853,52.349227,29,10800
2019-01-05T14:53:43.000Z,-142.5088,52.345147,29,10800
2019-01-05T14:54:38.000Z,-142.50271999999995,52.343867,29,10900
2019-01-05T14:55:13.000Z,-142.49864,52.34296,29,10900
2019-01-05T14:55:25.000Z,-142.497253,52.342667,29,10900
2019-01-05T14:55:37.000Z,-142.495893,52.3424,29,10900
2019-01-05T14:55:43.000Z,-142.494987,52.342187,29,10800
2019-01-05T14:55:49.000Z,-142.494507,52.342107,29,10800
2019-01-05T14:56:19.000Z,-142.490933,52.34136,29,10800
2019-01-05T14:56:25.000Z,-142.49048,52.34128,29,10800
2019-01-05T14:56:32.000Z,-142.489547,52.341093,29,10700
2019-01-05T14:56:43.000Z,-142.48816000000005,52.340827,29,10800
2019-01-05T14:56:50.000Z,-142.487707,52.340747,29,10700
2019-01-05T14:56:56.000Z,-142.486773,52.340533,29,10800
2019-01-05T14:57:13.000Z,-142.484933,52.34016,29,10800
2019-01-05T14:57:19.000Z,-142.484027,52.339973,29,10800
2019-01-05T14:57:25.000Z,-142.483573,52.339867,29,10800
2019-01-05T14:57:43.000Z,-142.481253,52.339413,29,10800
2019-01-05T15:25:52.000Z,-142.288667,52.300933,29,10700
2019-01-05T15:34:03.000Z,-142.231893,52.290053,29,10700
2019-01-05T15:54:55.000Z,-142.091173,52.2632,29,10600
2019-01-05T16:01:47.000Z,-142.043633,52.254317,29,10700
2019-01-05T16:23:00.000Z,-141.898567,52.227067,29,10700
2019-01-05T16:29:56.000Z,-141.850427,52.218773,29,10500
2019-01-05T16:30:56.000Z,-141.843227,52.217547,29,10500
2019-01-05T16:31:19.000Z,-141.840453,52.217067,29,10500
2019-01-05T16:31:26.000Z,-141.839973,52.217013,29,10500
2019-01-05T16:32:07.000Z,-141.83490700000004,52.216133,29,10500
2019-01-05T16:32:26.000Z,-141.833067,52.215813,29,10500
2019-01-05T16:33:09.000Z,-141.827947,52.214933,29,10500
2019-01-05T16:33:19.000Z,-141.826533,52.214693,29,10500
2019-01-05T16:33:26.000Z,-141.826053,52.214613,29,10500
2019-01-05T16:33:31.000Z,-141.82512,52.214427,29,10500
2019-01-05T16:34:01.000Z,-141.821973,52.213893,29,10500
2019-01-05T16:34:25.000Z,-141.818773,52.21336,29,10500
2019-01-05T16:34:30.000Z,-141.81832,52.21328,29,10500
2019-01-05T16:34:44.000Z,-141.816907,52.21304,29,10500
2019-01-05T16:35:01.000Z,-141.81503999999995,52.21272,29,10400
2019-01-05T16:35:07.000Z,-141.814133,52.21256,29,10400
2019-01-05T16:35:19.000Z,-141.81271999999996,52.21232,29,10400
2019-01-05T16:35:25.000Z,-141.811787,52.21216,29,10400
2019-01-05T16:35:30.000Z,-141.811307,52.21208,29,10400
2019-01-05T16:57:22.000Z,-141.65925,52.1873,29,10200
2019-01-05T17:00:22.000Z,-141.638,52.18416,29,10300
2019-01-05T17:01:52.000Z,-141.627733,52.182587,30,10400
2019-01-05T17:02:27.000Z,-141.623493,52.181893,29,10400
2019-01-05T17:02:34.000Z,-141.622533,52.18176,29,10400
2019-01-05T17:02:46.000Z,-141.62112,52.181547,29,10300
2019-01-05T17:02:58.000Z,-141.619707,52.181333,29,10300
2019-01-05T17:03:00.000Z,-141.6197,52.18135,29,10300
2019-01-05T17:03:04.000Z,-141.619253,52.18128,29,10300
2019-01-05T17:03:10.000Z,-141.61831999999995,52.18112,29,10300
2019-01-05T17:03:17.000Z,-141.61736000000005,52.180987,29,10300
2019-01-05T17:03:22.000Z,-141.616907,52.180933,29,10300
2019-01-05T17:03:28.000Z,-141.61642700000004,52.180853000000006,29,10300
2019-01-05T17:03:34.000Z,-141.615467,52.180693,29,10300
2019-01-05T17:04:04.000Z,-141.612053,52.180213,29,10300
2019-01-05T17:04:10.000Z,-141.6116,52.18016,29,10300
2019-01-05T17:04:16.000Z,-141.610667,52.18,29,10300
2019-01-05T17:04:22.000Z,-141.609707,52.179867,29,10300
2019-01-05T17:04:27.000Z,-141.609253,52.179787,29,10300
2019-01-05T17:04:34.000Z,-141.608293,52.179627,29,10300
2019-01-05T17:04:39.000Z,-141.607813,52.179573,29,10300
2019-01-05T17:04:46.000Z,-141.60688000000005,52.17944,29,10300
2019-01-05T17:04:52.000Z,-141.6064,52.17936,29,10300
2019-01-05T17:05:04.000Z,-141.60498700000005,52.179147,29,10300
2019-01-05T17:05:10.000Z,-141.604053,52.179013,29,10300
2019-01-05T17:07:05.000Z,-141.590533,52.176907,29,10300
2019-01-05T17:22:40.000Z,-141.48236699999995,52.1588,29,10500
2019-01-05T17:22:50.000Z,-141.480983,52.15855,29,10500
2019-01-05T17:22:52.000Z,-141.480983,52.15855,29,10500
2019-01-05T17:25:48.000Z,-141.46068300000005,52.155017,29,10600
2019-01-05T17:39:29.000Z,-141.366167,52.1372,29,10700
2019-01-05T17:58:23.000Z,-141.235817,52.111783,29,10700
2019-01-05T18:08:24.000Z,-141.166417,52.098517,29,10600
2019-01-05T18:40:11.000Z,-140.946667,52.055717,29,10700
2019-01-05T18:40:54.000Z,-140.94171699999995,52.054733,29,10700
2019-01-05T18:50:58.000Z,-140.872167,52.04065,29,10700
2019-01-05T18:57:36.000Z,-140.826453,52.031013,29,10800
2019-01-05T19:01:53.000Z,-140.79746699999995,52.0252,29,10700
2019-01-05T19:02:29.000Z,-140.79352,52.0244,29,10700
2019-01-05T19:08:23.000Z,-140.753817,52.016617,29,10800
2019-01-05T19:08:28.000Z,-140.75472,52.0168,29,10700
2019-01-05T19:08:31.000Z,-140.75384,52.016613,29,10800
2019-01-05T19:08:36.000Z,-140.75336,52.016507,29,10700
2019-01-05T19:15:58.000Z,-140.701817,52.006483,29,10700
2019-01-05T19:25:29.000Z,-140.6362,51.99365,29,10700
2019-01-05T19:38:05.000Z,-140.549267,51.97665,29,10600
2019-01-05T19:44:17.000Z,-140.50635,51.967933,29,10700
2019-01-05T20:12:36.000Z,-140.311933,51.928017,30,10800
2019-01-05T20:24:47.000Z,-140.2272,51.910583,30,10800
2019-01-05T20:27:53.000Z,-140.205683,51.906017,30,10900
2019-01-05T20:53:30.000Z,-140.029117,51.86763300000001,29,10900
2019-01-05T20:59:11.000Z,-139.990567,51.859,29,11000
2019-01-05T21:08:02.000Z,-139.931413,51.845573,29,11100
2019-01-05T21:12:27.000Z,-139.90090700000002,51.838773,28,11000
2019-01-05T21:22:58.000Z,-139.832617,51.823483,28,10900
2019-01-05T21:23:52.000Z,-139.82608000000002,51.821947,29,11000
2019-01-05T21:29:35.000Z,-139.78925,51.81345,29,11000
2019-01-05T21:56:42.000Z,-139.61013300000002,51.773383,29,10900
2019-01-05T22:03:06.000Z,-139.5675,51.764183,29,10800
2019-01-05T22:05:03.000Z,-139.553787,51.761333,29,10700
2019-01-05T22:05:15.000Z,-139.55288000000002,51.761147,29,10800
2019-01-05T22:05:21.000Z,-139.55200000000002,51.76096,29,10800
2019-01-05T22:06:03.000Z,-139.54712,51.759947,29,10800
2019-01-05T22:06:21.000Z,-139.545307,51.759547,29,10900
2019-01-05T22:06:33.000Z,-139.54408,51.75928,29,10800
2019-01-05T22:08:15.000Z,-139.532747,51.756853,29,10900
2019-01-05T22:09:03.000Z,-139.527493,51.755733,29,10800
2019-01-05T22:09:15.000Z,-139.52613300000002,51.755467,29,10800
2019-01-05T22:09:26.000Z,-139.524773,51.755147,29,10800
2019-01-05T22:10:03.000Z,-139.520267,51.754213,29,10800
2019-01-05T22:36:23.000Z,-139.3425,51.71725,29,10700
2019-01-05T23:05:35.000Z,-139.14295,51.677217,30,10700
2019-01-05T23:11:54.000Z,-139.099183,51.669017,30,10700
2019-01-05T23:42:34.000Z,-138.891717,51.624333,29,10800
2019-01-05T23:46:47.000Z,-138.86318300000002,51.618267,29,10800
2019-01-05T23:49:23.000Z,-138.845567,51.614567,29,10800
2019-01-05T23:53:23.000Z,-138.818183,51.608967,29,10800
2019-01-06T00:20:11.000Z,-138.633483,51.572117,30,10800
2019-01-06T00:27:05.000Z,-138.586267,51.56225,29,10700
2019-01-06T00:48:17.000Z,-138.444967,51.531167,29,11000
2019-01-06T00:58:48.000Z,-138.374967,51.514667,29,10900
2019-01-06T01:05:23.000Z,-138.3309,51.504633,29,10900
2019-01-06T01:11:59.000Z,-138.286483,51.494833,29,10800
2019-01-06T01:35:40.000Z,-138.12805,51.45935,29,11000
2019-01-06T01:40:52.000Z,-138.09315,51.451483,29,10800
2019-01-06T02:12:17.000Z,-137.883217,51.403983,29,10900
2019-01-06T02:17:35.000Z,-137.84795,51.395783,29,11000
2019-01-06T02:45:29.000Z,-137.6628,51.3526,29,10900
2019-01-06T02:50:47.000Z,-137.62831699999998,51.344067,29,10900
2019-01-06T02:56:23.000Z,-137.59095,51.33535,29,11000
2019-01-06T03:17:58.000Z,-137.44899999999998,51.302617,29,10900
2019-01-06T03:23:41.000Z,-137.4119,51.293933,29,10900
2019-01-06T03:29:24.000Z,-137.3748,51.284667,28,10800
2019-01-06T03:38:22.000Z,-137.31581699999998,51.2712,29,11000
2019-01-06T03:38:46.000Z,-137.3133,51.2706,29,11000
2019-01-06T03:38:58.000Z,-137.311767,51.27023300000001,29,11000
2019-01-06T03:39:45.000Z,-137.306517,51.2689,29,11100
2019-01-06T03:53:11.000Z,-137.21795,51.247967,30,11000
2019-01-06T03:59:12.000Z,-137.177533,51.238617,29,10900
2019-01-06T04:07:22.000Z,-137.122783,51.225917,29,11100
2019-01-06T04:31:34.000Z,-136.961967,51.187367,29,11000
2019-01-06T04:33:23.000Z,-136.950017,51.1846,30,10900
2019-01-06T04:36:46.000Z,-136.927317,51.179167,29,11000
2019-01-06T05:00:59.000Z,-136.765233,51.1422,29,10800
2019-01-06T05:07:23.000Z,-136.722583,51.132467,29,10900
2019-01-06T05:12:53.000Z,-136.6863,51.124117,29,10900
2019-01-06T05:18:34.000Z,-136.649383,51.11565,28,10900
2019-01-06T05:36:54.000Z,-136.53053300000002,51.08835,28,11200
2019-01-06T05:40:16.000Z,-136.50851699999998,51.083083,28,11100
2019-01-06T05:42:35.000Z,-136.49405,51.079733,28,11000
2019-01-06T05:47:48.000Z,-136.46068300000002,51.071917,28,11000
2019-01-06T06:11:47.000Z,-136.306817,51.035067,28,11000
2019-01-06T06:12:47.000Z,-136.300467,51.033583,28,10900
2019-01-06T06:16:59.000Z,-136.27335,51.0272,28,11000
2019-01-06T06:22:59.000Z,-136.234483,51.01853300000001,28,10800
2019-01-06T06:55:47.000Z,-136.02561699999998,50.96905,28,10800
2019-01-06T07:09:04.000Z,-135.94104,50.94808,28,11200
2019-01-06T07:10:05.000Z,-135.93472,50.946373,28,11200
2019-01-06T07:11:58.000Z,-135.9224,50.943333,28,11100
2019-01-06T07:12:16.000Z,-135.920853,50.94296,28,11100
2019-01-06T07:12:22.000Z,-135.920453,50.94288,28,11000
2019-01-06T07:12:29.000Z,-135.9196,50.942667,28,11000
2019-01-06T07:12:41.000Z,-135.91832,50.942347,28,11000
2019-01-06T07:12:47.000Z,-135.917467,50.942133,28,11000
2019-01-06T07:27:46.000Z,-135.82431699999998,50.92015,28,10900
2019-01-06T08:03:05.000Z,-135.60753300000002,50.861317,28,11300
2019-01-06T08:55:53.000Z,-135.28715,50.773117,27,11300
2019-01-06T09:06:16.000Z,-135.2238,50.7562,28,11100
2019-01-06T09:44:00.000Z,-134.990283,50.6939,28,11400
2019-01-06T10:20:59.000Z,-134.764183,50.636617,27,10800
2019-01-06T10:49:34.000Z,-134.585533,50.5986,27,10800
2019-01-06T10:54:35.000Z,-134.554733,50.5913,28,11100
2019-01-06T10:57:36.000Z,-134.536233,50.586667,28,11100
2019-01-06T11:23:35.000Z,-134.376667,50.548483,26,11400
2019-01-06T11:29:59.000Z,-134.34026699999998,50.537183,26,11100
2019-01-06T11:32:47.000Z,-134.323717,50.532367,27,11600
2019-01-06T12:01:23.000Z,-134.15366699999998,50.483483,26,11200
2019-01-06T12:07:05.000Z,-134.11965,50.474133,27,11500
2019-01-06T12:07:30.000Z,-134.118213,50.47368,27,11600
2019-01-06T12:08:06.000Z,-134.114453,50.47256,27,11500
2019-01-06T12:22:01.000Z,-134.03088,50.449387,28,11100
2019-01-06T12:32:34.000Z,-133.96585,50.430817,26,11000
2019-01-06T12:38:48.000Z,-133.9289,50.42028300000001,28,11400
2019-01-06T12:40:11.000Z,-133.920267,50.4177,28,11500
2019-01-06T12:59:19.000Z,-133.804187,50.384827,27,11200
2019-01-06T13:01:20.000Z,-133.79224,50.3812,28,11600
2019-01-06T13:01:43.000Z,-133.789867,50.38042700000001,28,11500
2019-01-06T13:03:55.000Z,-133.77685300000002,50.376293,27,11400
2019-01-06T13:08:21.000Z,-133.7508,50.369013,27,11400
2019-01-06T13:08:33.000Z,-133.74952,50.368613,27,11300
2019-01-06T13:08:45.000Z,-133.748373,50.368267,27,11400
2019-01-06T13:08:57.000Z,-133.747173,50.367973,27,11400
2019-01-06T13:17:53.000Z,-133.69421699999998,50.354117,27,11500
2019-01-06T13:45:10.000Z,-133.529717,50.308867,27,11400
2019-01-06T13:50:46.000Z,-133.4964,50.300433,27,11200
2019-01-06T13:50:54.000Z,-133.4964,50.300427,27,11200
2019-01-06T13:51:12.000Z,-133.49458700000002,50.299867,27,11500
2019-01-06T14:19:36.000Z,-133.323833,50.253233,28,11300
2019-01-06T14:25:48.000Z,-133.285733,50.243433,28,11300
2019-01-06T14:41:19.000Z,-133.191467,50.2184,27,11200
2019-01-06T14:51:57.000Z,-133.12632,50.200933,28,11300
2019-01-06T15:00:48.000Z,-133.072967,50.186883,28,11400
2019-01-06T15:27:36.000Z,-132.908587,50.14264,28,11600
2019-01-06T15:32:34.000Z,-132.87675,50.13433300000001,28,11200
2019-01-06T15:37:40.000Z,-132.8455,50.12575,28,11600
2019-01-06T16:03:53.000Z,-132.687617,50.079633,28,11400
2019-01-06T16:10:11.000Z,-132.649133,50.067683,28,11600
2019-01-06T16:19:10.000Z,-132.59505,50.05165,28,11600
2019-01-06T16:19:59.000Z,-132.590033,50.050083,28,11500
2019-01-06T16:26:11.000Z,-132.5528,50.038883,27,11200
2019-01-06T16:26:22.000Z,-132.5516,50.03856,28,11200
2019-01-06T16:29:34.000Z,-132.53133300000002,50.03288,27,11400
2019-01-06T16:34:09.000Z,-132.503867,50.024747,27,11400
2019-01-06T16:38:05.000Z,-132.4813,50.019117,27,11300
2019-01-06T16:44:18.000Z,-132.44448300000002,50.0095,27,10900
2019-01-06T16:44:58.000Z,-132.440117,50.008467,27,11000
2019-01-06T17:02:11.000Z,-132.33745,49.98165,27,11000
2019-01-06T17:12:06.000Z,-132.278933,49.965983,27,11200
2019-01-06T17:18:12.000Z,-132.242917,49.956067,27,11200
2019-01-06T17:18:30.000Z,-132.241733,49.955733,27,11200
2019-01-06T17:39:11.000Z,-132.120983,49.919617,27,11700
2019-01-06T17:46:10.000Z,-132.081083,49.9072,27,11600
2019-01-06T17:52:47.000Z,-132.043383,49.8953,26,11600
2019-01-06T18:07:06.000Z,-131.9611,49.869067,27,11600
2019-01-06T18:12:11.000Z,-131.931333,49.859783,28,11500
2019-01-06T18:26:29.000Z,-131.84475,49.833017,28,11600
2019-01-06T18:28:59.000Z,-131.830083,49.828383,28,11400
2019-01-06T18:42:52.000Z,-131.74686699999998,49.803283,28,11500
2019-01-06T18:49:52.000Z,-131.704933,49.790517,28,11400
2019-01-06T18:55:59.000Z,-131.669167,49.780217,27,11300
2019-01-06T19:21:12.000Z,-131.518233,49.737733,27,10800
2019-01-06T19:28:11.000Z,-131.475933,49.726217,28,11000
2019-01-06T19:32:52.000Z,-131.447367,49.718483,28,11000
2019-01-06T19:56:53.000Z,-131.3025,49.676117,28,11600
2019-01-06T20:02:24.000Z,-131.270283,49.665717,28,11800
2019-01-06T20:05:23.000Z,-131.252433,49.659983,28,11500
2019-01-06T20:22:07.000Z,-131.153147,49.62976,28,11500
2019-01-06T20:28:17.000Z,-131.11478300000002,49.6177,28,11500
2019-01-06T20:34:41.000Z,-131.075567,49.60595,29,11600
2019-01-06T21:04:28.000Z,-130.890967,49.550933,29,11200
2019-01-06T21:07:36.000Z,-130.871147,49.545307,29,11300
2019-01-06T21:41:10.000Z,-130.666567,49.477867,28,11400
2019-01-06T21:47:11.000Z,-130.630933,49.465717,29,11600
2019-01-06T22:08:48.000Z,-130.502617,49.422817,29,11700
2019-01-06T22:31:18.000Z,-130.36936699999998,49.377817,28,11500
2019-01-06T22:43:12.000Z,-130.299117,49.354,29,11700
2019-01-06T22:48:24.000Z,-130.267767,49.34375,29,11700
2019-01-06T22:56:06.000Z,-130.2215,49.327933,29,11700
2019-01-06T23:05:30.000Z,-130.16545,49.309033,29,11700
2019-01-06T23:20:22.000Z,-130.078483,49.27965,29,11900
2019-01-06T23:25:52.000Z,-130.0464,49.2683,29,11600
2019-01-06T23:31:05.000Z,-130.015267,49.257483,28,11600
2019-01-06T23:58:24.000Z,-129.852117,49.20425,29,11400
2019-01-07T00:05:00.000Z,-129.81151699999998,49.192467,29,11400
2019-01-07T00:11:11.000Z,-129.7734,49.18085,29,11500
2019-01-07T00:17:06.000Z,-129.736867,49.169817,29,11200
2019-01-07T00:33:11.000Z,-129.6374,49.139733,29,11600
2019-01-07T00:38:23.000Z,-129.604833,49.130117,30,11300
2019-01-07T00:42:23.000Z,-129.57996699999998,49.122567,29,11400
2019-01-07T00:46:23.000Z,-129.554933,49.115233,30,11300
2019-01-07T01:08:29.000Z,-129.417183,49.075267,29,11200
2019-01-07T01:53:36.000Z,-129.139,48.985967,30,11600
2019-01-07T01:59:36.000Z,-129.103033,48.973767,29,11700
2019-01-07T02:31:12.000Z,-128.913617,48.91225,29,11500
2019-01-07T02:58:47.000Z,-128.749167,48.858867,28,11600
2019-01-07T03:04:18.000Z,-128.71651699999998,48.848,29,11700
2019-01-07T03:11:11.000Z,-128.676167,48.834567,28,11700
2019-01-07T03:31:12.000Z,-128.559283,48.7943,28,11700
2019-01-07T03:37:58.000Z,-128.519083,48.7802,29,11700
2019-01-07T03:43:04.000Z,-128.488617,48.769567,29,11600
2019-01-07T04:45:59.000Z,-128.12415,48.644117,25,11700
2019-01-07T05:22:39.000Z,-127.932633,48.59365,25,9900
2019-01-07T05:45:56.000Z,-127.802,48.5843,25,9100
2019-01-07T05:46:16.000Z,-127.800083,48.58425,25,9100
2019-01-07T05:57:58.000Z,-127.733217,48.581417,25,9400
2019-01-07T06:59:08.000Z,-127.38725,48.564433,25,9500
2019-01-07T07:05:39.000Z,-127.350617,48.56275,24,9200
2019-01-07T07:30:54.000Z,-127.208107,48.554747,24,9400
2019-01-07T07:31:44.000Z,-127.20344,48.55448,24,9500
2019-01-07T07:32:36.000Z,-127.19864,48.55416,25,9500
2019-01-07T07:32:44.000Z,-127.19792,48.554107,25,9600
2019-01-07T07:33:36.000Z,-127.193067,48.553733,24,9600
2019-01-07T07:33:45.000Z,-127.19232,48.55368,24,9600
2019-01-07T07:33:55.000Z,-127.1912,48.553627,24,9500
2019-01-07T07:34:54.000Z,-127.185973,48.55328,24,9400
2019-01-07T07:36:05.000Z,-127.179307,48.553013,24,9300
2019-01-07T07:36:44.000Z,-127.175653,48.55288,24,9300
2019-01-07T07:37:05.000Z,-127.173787,48.552773,24,9400
2019-01-07T08:44:57.000Z,-126.788133,48.5328,25,9600
2019-01-07T08:49:01.000Z,-126.76645,48.531367,25,9400
2019-01-07T08:54:30.000Z,-126.734883,48.529033,25,9500
2019-01-07T08:59:21.000Z,-126.707383,48.527233,25,9600
2019-01-07T09:02:51.000Z,-126.687267,48.525783,25,9700
2019-01-07T09:08:21.000Z,-126.6558,48.5235,25,9600
2019-01-07T09:09:30.000Z,-126.649517,48.523,25,9600
2019-01-07T09:16:39.000Z,-126.609083,48.519767,25,9800
2019-01-07T09:20:35.000Z,-126.58635,48.5177,24,9700
2019-01-07T09:23:25.000Z,-126.5705,48.5165,25,9700
2019-01-07T09:27:06.000Z,-126.549283,48.51475,25,9700
2019-01-07T09:32:49.000Z,-126.517,48.5123,25,9600
2019-01-07T09:37:00.000Z,-126.49355,48.510817,25,9500
2019-01-07T09:40:30.000Z,-126.473267,48.5094,25,9600
2019-01-07T09:44:43.000Z,-126.449867,48.5081,25,9400
2019-01-07T09:48:35.000Z,-126.42695,48.506733,25,9400
2019-01-07T09:52:14.000Z,-126.405867,48.505433,25,9500
2019-01-07T09:56:54.000Z,-126.379333,48.503883,25,9500
2019-01-07T10:00:41.000Z,-126.357767,48.50275,25,9400
2019-01-07T10:04:04.000Z,-126.338683,48.501717,25,9500
2019-01-07T10:08:24.000Z,-126.313617,48.500317,25,9400
2019-01-07T10:12:44.000Z,-126.289067,48.498817,25,9500
2019-01-07T10:15:55.000Z,-126.2715,48.497733,24,9500
2019-01-07T10:20:37.000Z,-126.245417,48.49625,25,9500
2019-01-07T10:24:44.000Z,-126.2217,48.494717,25,9600
2019-01-07T10:28:25.000Z,-126.2012,48.493233,25,9600
2019-01-07T10:32:42.000Z,-126.176817,48.491683,24,9300
2019-01-07T10:36:54.000Z,-126.154033,48.489333,24,9800
2019-01-07T10:40:54.000Z,-126.13175,48.486933,24,9900
2019-01-07T10:44:14.000Z,-126.11315,48.48495,24,9700
2019-01-07T10:47:56.000Z,-126.092783,48.482667,25,9900
2019-01-07T10:51:53.000Z,-126.070367,48.480167,25,9900
2019-01-07T10:56:34.000Z,-126.0444,48.47715,25,10000
2019-01-07T11:00:53.000Z,-126.020033,48.47485,25,9600
2019-01-07T11:04:24.000Z,-126.0002,48.474167,24,9100
2019-01-07T11:08:36.000Z,-125.97715,48.473633,24,9100
2019-01-07T11:11:54.000Z,-125.958333,48.473167,24,9100
2019-01-07T11:16:27.000Z,-125.932817,48.473167,25,8900
2019-01-07T11:20:53.000Z,-125.907433,48.472983,25,9000
2019-01-07T11:23:56.000Z,-125.890333,48.472983,25,9000
2019-01-07T11:28:36.000Z,-125.863967,48.4727,25,8900
2019-01-07T11:31:45.000Z,-125.84605,48.472633,25,8900
2019-01-07T11:36:16.000Z,-125.8204,48.472533,25,9100
2019-01-07T11:40:53.000Z,-125.794083,48.472267,25,9000
2019-01-07T11:44:19.000Z,-125.774,48.47225,25,8900
2019-01-07T11:48:44.000Z,-125.749167,48.472317,25,8900
2019-01-07T11:51:54.000Z,-125.7314,48.472333,25,9000
2019-01-07T11:56:23.000Z,-125.70575,48.47208300000001,25,9100
2019-01-07T12:00:43.000Z,-125.680567,48.471733,25,9100
2019-01-07T12:04:02.000Z,-125.661967,48.471283,24,9100
2019-01-07T12:08:14.000Z,-125.639717,48.470817,23,9300
2019-01-07T12:12:33.000Z,-125.61685,48.47035,23,9000
2019-01-07T12:15:54.000Z,-125.599567,48.469983,23,9100
2019-01-07T12:20:22.000Z,-125.5754,48.469367,23,9100
2019-01-07T12:24:32.000Z,-125.553317,48.468983,23,9100
2019-01-07T12:28:02.000Z,-125.534867,48.468983,23,9000
2019-01-07T12:32:25.000Z,-125.51135,48.468867,23,9000
2019-01-07T12:35:43.000Z,-125.4938,48.468883,23,8900
2019-01-07T12:40:12.000Z,-125.470083,48.469,23,9000
2019-01-07T12:44:24.000Z,-125.44815,48.468967,23,8900
2019-01-07T12:47:45.000Z,-125.430067,48.468817,23,9000
2019-01-07T12:52:13.000Z,-125.406467,48.468983,23,8800
2019-01-07T12:56:35.000Z,-125.384117,48.469067,22,9000
2019-01-07T13:00:44.000Z,-125.362517,48.469033,22,9000
2019-01-07T13:04:53.000Z,-125.341267,48.468833,22,9100
2019-01-07T13:08:03.000Z,-125.324917,48.468583,22,9000
2019-01-07T13:11:15.000Z,-125.3087,48.4683,22,9000
2019-01-07T13:16:04.000Z,-125.283917,48.468633,22,8800
2019-01-07T13:20:07.000Z,-125.26315,48.468767,23,8900
2019-01-07T13:24:44.000Z,-125.238817,48.469117,23,8800
2019-01-07T13:28:15.000Z,-125.22045,48.469533,23,8600
2019-01-07T13:32:29.000Z,-125.197383,48.470383,23,8800
2019-01-07T13:35:59.000Z,-125.178467,48.471017,23,8500
2019-01-07T13:41:00.000Z,-125.151717,48.471983,23,8700
2019-01-07T13:43:13.000Z,-125.140183,48.47245,23,8600
2019-01-07T13:47:05.000Z,-125.119967,48.47315,23,8600
2019-01-07T13:52:24.000Z,-125.091383,48.47425,23,8700
2019-01-07T13:55:44.000Z,-125.073817,48.47485,23,8600
2019-01-07T13:59:59.000Z,-125.050633,48.4756,23,8700
2019-01-07T14:04:02.000Z,-125.029067,48.476000000000006,23,8800
2019-01-07T14:06:03.000Z,-125.018917,48.476233,22,8600
2019-01-07T14:12:05.000Z,-124.987983,48.4771,22,8700
2019-01-07T14:15:49.000Z,-124.968417,48.477533,22,8800
2019-01-07T14:19:13.000Z,-124.951367,48.4781,22,8700
2019-01-07T14:24:42.000Z,-124.923083,48.479033,22,8700
2019-01-07T14:27:57.000Z,-124.906733,48.47975,22,8600
2019-01-07T14:31:53.000Z,-124.886967,48.48,21,8800
2019-01-07T14:36:25.000Z,-124.86505,48.480283,21,9000
2019-01-07T14:40:41.000Z,-124.84405,48.479817,21,9100
2019-01-07T14:43:19.000Z,-124.830717,48.479667,21,9000
2019-01-07T14:47:50.000Z,-124.8083,48.479,22,9300
2019-01-07T14:52:15.000Z,-124.7864,48.4783,22,9200
2019-01-07T14:56:43.000Z,-124.762933,48.477283,22,9300
2019-01-07T15:00:43.000Z,-124.74235,48.476000000000006,22,10200
2019-01-07T15:04:03.000Z,-124.726767,48.471833,22,11200
2019-01-07T15:08:43.000Z,-124.704283,48.466117,22,11100
2019-01-07T15:11:46.000Z,-124.6896,48.46215,23,11200
2019-01-07T15:16:27.000Z,-124.665467,48.456367,25,11200
2019-01-07T15:20:37.000Z,-124.64365,48.450067,25,11400
2019-01-07T15:24:44.000Z,-124.62135,48.443567,25,11200
2019-01-07T15:27:52.000Z,-124.604717,48.438767,25,11500
2019-01-07T15:31:13.000Z,-124.587517,48.433467,25,11500
2019-01-07T15:35:43.000Z,-124.565383,48.42605,24,11600
2019-01-07T15:37:54.000Z,-124.5543,48.42255,24,11500
2019-01-07T15:43:14.000Z,-124.528517,48.4141,24,11600
2019-01-07T15:48:24.000Z,-124.5032,48.405683,24,11600
2019-01-07T15:52:45.000Z,-124.482183,48.3988,23,11600
2019-01-07T15:55:53.000Z,-124.467433,48.393683,23,11600
2019-01-07T16:00:31.000Z,-124.445783,48.386717,22,11400
2019-01-07T16:04:38.000Z,-124.427017,48.381017,22,11500
2019-01-07T16:07:43.000Z,-124.412933,48.376467,22,11500
2019-01-07T16:12:33.000Z,-124.3917,48.36975,21,11400
2019-01-07T16:16:26.000Z,-124.374533,48.364483,21,11300
2019-01-07T16:20:15.000Z,-124.357817,48.359367,21,11300
2019-01-07T16:24:01.000Z,-124.34075,48.3543,21,11300
2019-01-07T16:27:24.000Z,-124.326367,48.34995,21,11400
2019-01-07T16:30:05.000Z,-124.314267,48.346533,21,11400
2019-01-07T16:34:26.000Z,-124.29495,48.341017,21,11100
2019-01-07T16:38:05.000Z,-124.278367,48.336367,21,11500
2019-01-07T16:42:34.000Z,-124.2587,48.329767,22,11600
2019-01-07T16:46:05.000Z,-124.242917,48.3244,22,11600
2019-01-07T16:50:26.000Z,-124.223833,48.317933,21,11700
2019-01-07T16:54:35.000Z,-124.20565,48.311833,21,11600
2019-01-07T16:58:19.000Z,-124.188667,48.3062,21,11600
2019-01-07T17:01:46.000Z,-124.1741,48.301217,21,11600
2019-01-07T17:05:34.000Z,-124.157617,48.29565,21,11600
2019-01-07T17:10:26.000Z,-124.1363,48.288633,21,11500
2019-01-07T17:13:54.000Z,-124.12125,48.283867,21,11500
2019-01-07T17:18:45.000Z,-124.09945,48.277167,21,11400
2019-01-07T17:21:42.000Z,-124.0862,48.2731,22,11300
2019-01-07T17:26:46.000Z,-124.063283,48.2663,21,11400
2019-01-07T17:30:36.000Z,-124.046217,48.261183,21,11500
2019-01-07T17:34:19.000Z,-124.028867,48.25585,22,11500
2019-01-07T17:38:15.000Z,-124.01145,48.250767,22,11400
2019-01-07T17:41:37.000Z,-123.996333,48.2463,22,11300
2019-01-07T17:45:08.000Z,-123.9805,48.241767,22,11300
2019-01-07T17:50:17.000Z,-123.957567,48.235333,20,11000
2019-01-07T17:54:36.000Z,-123.9394,48.230767,20,11000
2019-01-07T17:57:19.000Z,-123.928167,48.228067,20,11000
2019-01-07T18:02:46.000Z,-123.9037,48.22405,20,9200
2019-01-07T18:05:37.000Z,-123.8908,48.224233,20,8800
2019-01-07T18:10:03.000Z,-123.868783,48.22445,22,8900
2019-01-07T18:12:44.000Z,-123.8552,48.224667,23,8700
2019-01-07T18:18:43.000Z,-123.82275,48.225267,24,8900
2019-01-07T18:20:17.000Z,-123.8144,48.225417,24,8700
2019-01-07T18:24:24.000Z,-123.790833,48.225867,25,8800
2019-01-07T18:28:25.000Z,-123.768417,48.226233,25,8800
2019-01-07T18:33:16.000Z,-123.7414,48.22715,24,8600
2019-01-07T18:40:24.000Z,-123.701083,48.2281,25,9000
2019-01-07T18:45:58.000Z,-123.668583,48.228167,26,8800
2019-01-07T18:51:38.000Z,-123.634333,48.226883,27,9200
2019-01-07T19:01:02.000Z,-123.577583,48.225217,25,10100
2019-01-07T19:02:49.000Z,-123.5677,48.225,23,8600
2019-01-07T19:04:29.000Z,-123.559017,48.225633,23,8100
2019-01-07T19:10:15.000Z,-123.5276,48.227783,24,8300
2019-01-07T19:12:07.000Z,-123.5177,48.228617,24,8300
2019-01-07T19:15:17.000Z,-123.501667,48.230533,21,7500
2019-01-07T19:20:45.000Z,-123.480867,48.23755,16,5800
2019-01-07T19:25:28.000Z,-123.46735,48.244083,15,5300
2019-01-07T19:30:27.000Z,-123.45425,48.251083,14,4800
2019-01-07T19:34:05.000Z,-123.446283,48.2571,14,3300
2019-01-07T19:38:37.000Z,-123.440283,48.26605,14,1700
2019-01-07T19:41:45.000Z,-123.4368,48.272967,15,2100
2019-01-07T19:45:38.000Z,-123.431883,48.281217,15,2100
2019-01-07T19:50:43.000Z,-123.425217,48.29235,15,2200
2019-01-07T19:54:34.000Z,-123.420017,48.300817,15,2100
2019-01-07T19:58:05.000Z,-123.4161,48.3077,13,2000
2019-01-07T20:02:26.000Z,-123.41205,48.315017,10,2300
2019-01-07T20:05:47.000Z,-123.408867,48.3196,10,2000
2019-01-07T20:11:37.000Z,-123.403917,48.331017,15,1500
2019-01-07T20:16:58.000Z,-123.3978,48.3436,17,1900
2019-01-07T20:20:09.000Z,-123.392017,48.349133,13,5900
2019-01-07T20:24:45.000Z,-123.377767,48.35315,16,6700
2019-01-07T20:28:16.000Z,-123.363667,48.357017,21,6800
2019-01-07T20:32:35.000Z,-123.34125,48.360417,25,7800
2019-01-07T20:36:43.000Z,-123.3176,48.364067,26,6800
2019-01-07T20:40:53.000Z,-123.292233,48.370367,30,6900
2019-01-07T20:44:00.000Z,-123.271283,48.375617,32,6900
2019-01-07T20:48:09.000Z,-123.24345,48.384983,34,6000
2019-01-07T20:52:24.000Z,-123.215967,48.397183,33,4300
2019-01-07T20:56:29.000Z,-123.194533,48.41235,33,3900
2019-01-07T21:00:42.000Z,-123.177117,48.429733,33,3100
2019-01-07T21:04:48.000Z,-123.16645,48.448467,32,100
2019-01-07T21:07:55.000Z,-123.169183,48.4635,33,34400
2019-01-07T21:12:18.000Z,-123.177833,48.485117,34,34500
2019-01-07T21:16:25.000Z,-123.18535,48.5051,33,34500
2019-01-07T21:20:40.000Z,-123.19325,48.5262,33,34500
2019-01-07T21:23:49.000Z,-123.198967,48.541317,33,34500
2019-01-07T21:28:01.000Z,-123.206933,48.561617,33,34500
2019-01-07T21:32:23.000Z,-123.215033,48.583017,33,34600
2019-01-07T21:36:30.000Z,-123.22205,48.603183,34,34600
2019-01-07T21:40:46.000Z,-123.230583,48.625067,34,34400
2019-01-07T21:44:00.000Z,-123.236583,48.640983,35,34600
2019-01-07T21:48:39.000Z,-123.243333,48.66515,35,35100
2019-01-07T21:52:48.000Z,-123.2463,48.687867,35,600
2019-01-07T21:55:54.000Z,-123.230633,48.69745,32,6600
2019-01-07T22:00:15.000Z,-123.201317,48.70773300000001,34,5900
2019-01-07T22:03:55.000Z,-123.1758,48.716967,34,6300
2019-01-07T22:08:07.000Z,-123.147217,48.728,35,5800
2019-01-07T22:12:42.000Z,-123.115517,48.740983,35,5600
2019-01-07T22:16:05.000Z,-123.092083,48.750483,35,5800
2019-01-07T22:20:43.000Z,-123.061,48.763317,35,5800
2019-01-07T22:24:02.000Z,-123.039133,48.773217,35,4900
2019-01-07T22:28:36.000Z,-123.016,48.792117,35,2500
2019-01-07T22:32:48.000Z,-123.00995,48.8131,34,500
2019-01-07T22:36:05.000Z,-123.014617,48.82885,32,33900
2019-01-07T22:40:49.000Z,-123.029617,48.850433,33,33300
2019-01-07T22:44:01.000Z,-123.040383,48.8651,34,33400
2019-01-07T22:48:23.000Z,-123.057217,48.88445,33,32900
2019-01-07T22:52:31.000Z,-123.073167,48.902367,34,32900
2019-01-07T22:55:47.000Z,-123.08615,48.917183,34,33000
2019-01-07T23:00:00.000Z,-123.102133,48.9356,32,33000
2019-01-07T23:04:20.000Z,-123.116867,48.952683,27,33000
2019-01-07T23:08:43.000Z,-123.1287,48.966283,21,32900
2019-01-07T23:12:05.000Z,-123.13665,48.9752,20,33000
2019-01-07T23:16:34.000Z,-123.145183,48.985583,15,33400
2019-01-07T23:19:54.000Z,-123.149483,48.991383,10,33600
2019-01-07T23:24:24.000Z,-123.152783,48.997383,9,34300
2019-01-07T23:27:52.000Z,-123.1548,49.0021,9,34500
2019-01-07T23:32:22.000Z,-123.1549,49.0082,8,900
2019-01-07T23:36:32.000Z,-123.152933,49.013033,6,1800
2019-01-07T23:40:54.000Z,-123.15145,49.016567,4,1300
2019-01-07T23:44:15.000Z,-123.150717,49.018583,3,1300
2019-01-07T23:47:51.000Z,-123.150517,49.019867,0,32100
