timestamp,longitude,latitude,speed,direction
2019-02-26T04:20:10.000Z,55.059597,24.983605,0,26130
2019-02-26T04:20:10.000Z,55.059597,24.983605,0,26130
2019-02-26T04:59:16.000Z,55.059697,24.983618,0,19890
2019-02-26T04:59:16.000Z,55.059697,24.983618,0,19890
2019-02-26T05:35:09.000Z,55.059608,24.983562,0,6280
2019-02-26T05:35:09.000Z,55.059608,24.983562,0,6280
2019-02-26T06:11:09.000Z,55.059565,24.983662,0,11010
2019-02-26T06:11:09.000Z,55.059565,24.983662,0,11010
2019-02-26T06:41:10.000Z,55.05948299999999,24.983412,0,18380
2019-02-26T06:41:10.000Z,55.05948299999999,24.983412,0,18380
2019-02-26T06:59:14.000Z,55.05964,24.9835,0,35640
2019-02-26T06:59:14.000Z,55.05964,24.9835,0,35640
2019-02-26T06:59:14.000Z,55.05964,24.9835,0,35640
2019-02-26T07:11:12.000Z,55.059648,24.983672,0,13030
2019-02-26T07:11:12.000Z,55.059648,24.983672,0,13030
2019-02-26T07:11:12.000Z,55.059648,24.983672,0,13030
2019-02-26T07:11:12.000Z,55.059648,24.983672,0,13030
2019-02-26T07:11:12.000Z,55.059648,24.983672,0,13030
2019-02-26T07:14:08.000Z,55.059598,24.983537,0,7740
2019-02-26T07:14:08.000Z,55.059598,24.983537,0,7740
2019-02-26T07:14:08.000Z,55.059598,24.983537,0,7740
2019-02-26T07:26:09.000Z,55.059423,24.983168,0,20220
2019-02-26T07:26:09.000Z,55.059423,24.983168,0,20220
2019-02-26T07:26:09.000Z,55.059423,24.983168,0,20220
2019-02-26T07:38:10.000Z,55.059713,24.983625,0,18940
2019-02-26T07:38:10.000Z,55.059713,24.983625,0,18940
2019-02-26T07:38:10.000Z,55.059713,24.983625,0,18940
2019-02-26T07:41:14.000Z,55.059615,24.98356,0,26910
2019-02-26T07:41:14.000Z,55.059615,24.98356,0,26910
2019-02-26T07:41:14.000Z,55.059615,24.98356,0,26910
2019-02-26T07:41:14.000Z,55.059615,24.98356,0,26910
2019-02-26T07:41:14.000Z,55.059615,24.98356,0,26910
2019-02-26T07:50:05.000Z,55.059448,24.983535,0,2760
2019-02-26T07:50:05.000Z,55.059448,24.983535,0,2760
2019-02-26T07:50:05.000Z,55.059448,24.983535,0,2760
2019-02-26T08:03:26.000Z,55.059578,24.983733,0,7510
2019-02-26T08:03:26.000Z,55.059578,24.983733,0,7510
2019-02-26T08:03:26.000Z,55.059578,24.983733,0,7510
2019-02-26T08:15:33.000Z,55.05990799999999,24.983835,1,4970
2019-02-26T08:15:33.000Z,55.05990799999999,24.983835,1,4970
2019-02-26T08:15:33.000Z,55.05990799999999,24.983835,1,4970
2019-02-26T08:15:33.000Z,55.05990799999999,24.983835,1,4970
2019-02-26T08:15:33.000Z,55.05990799999999,24.983835,1,4970
2019-02-26T08:30:26.000Z,55.059722,24.983342,0,410
2019-02-26T08:30:26.000Z,55.059722,24.983342,0,410
2019-02-26T08:30:26.000Z,55.059722,24.983342,0,410
2019-02-26T08:45:26.000Z,55.05983199999999,24.983535,0,6620
2019-02-26T08:45:26.000Z,55.05983199999999,24.983535,0,6620
2019-02-26T08:45:26.000Z,55.05983199999999,24.983535,0,6620
2019-02-26T08:57:28.000Z,55.059662,24.983525,0,6470
2019-02-26T08:57:28.000Z,55.059662,24.983525,0,6470
2019-02-26T08:57:28.000Z,55.059662,24.983525,0,6470
2019-02-26T09:00:25.000Z,55.059767,24.983433,0,26650
2019-02-26T09:00:25.000Z,55.059767,24.983433,0,26650
2019-02-26T09:00:25.000Z,55.059767,24.983433,0,26650
2019-02-26T09:00:25.000Z,55.059767,24.983433,0,26650
2019-02-26T09:00:25.000Z,55.059767,24.983433,0,26650
2019-02-26T09:09:32.000Z,55.059395,24.983547,0,29120
2019-02-26T09:09:32.000Z,55.059395,24.983547,0,29120
2019-02-26T09:09:32.000Z,55.059395,24.983547,0,29120
2019-02-26T09:24:30.000Z,55.05976,24.983358,0,21450
2019-02-26T09:24:30.000Z,55.05976,24.983358,0,21450
2019-02-26T09:24:30.000Z,55.05976,24.983358,0,21450
2019-02-26T09:30:26.000Z,55.05968299999999,24.983597,0,12630
2019-02-26T09:30:26.000Z,55.05968299999999,24.983597,0,12630
2019-02-26T09:30:26.000Z,55.05968299999999,24.983597,0,12630
2019-02-26T09:30:26.000Z,55.05968299999999,24.983597,0,12630
2019-02-26T09:30:26.000Z,55.05968299999999,24.983597,0,12630
2019-02-26T09:39:25.000Z,55.05976,24.983557,0,22050
2019-02-26T09:39:25.000Z,55.05976,24.983557,0,22050
2019-02-26T09:39:25.000Z,55.05976,24.983557,0,22050
2019-02-26T09:41:11.000Z,55.06,24.983333,0,13700
2019-02-26T09:41:11.000Z,55.06,24.983333,0,13700
2019-02-26T09:41:11.000Z,55.06,24.983333,0,13700
2019-02-26T09:41:11.000Z,55.06,24.983333,0,13700
2019-02-26T09:41:11.000Z,55.06,24.983333,0,13700
2019-02-26T09:51:26.000Z,55.05954200000001,24.983688,0,5690
2019-02-26T09:51:26.000Z,55.05954200000001,24.983688,0,5690
2019-02-26T09:51:26.000Z,55.05954200000001,24.983688,0,5690
2019-02-26T10:06:24.000Z,55.059675,24.983518,0,22430
2019-02-26T10:06:24.000Z,55.059675,24.983518,0,22430
2019-02-26T10:06:24.000Z,55.059675,24.983518,0,22430
2019-02-26T10:15:23.000Z,55.05962,24.983487,0,29330
2019-02-26T10:15:23.000Z,55.05962,24.983487,0,29330
2019-02-26T10:15:23.000Z,55.05962,24.983487,0,29330
2019-02-26T10:15:23.000Z,55.05962,24.983487,0,29330
2019-02-26T10:15:23.000Z,55.05962,24.983487,0,29330
2019-02-26T10:21:27.000Z,55.059553,24.98356,0,20800
2019-02-26T10:21:27.000Z,55.059553,24.98356,0,20800
2019-02-26T10:21:27.000Z,55.059553,24.98356,0,20800
2019-02-26T10:33:30.000Z,55.059668,24.983553,0,21560
2019-02-26T10:33:30.000Z,55.059668,24.983553,0,21560
2019-02-26T10:33:30.000Z,55.059668,24.983553,0,21560
2019-02-26T10:39:24.000Z,55.058983,24.983393,0,25300
2019-02-26T10:39:24.000Z,55.058983,24.983393,0,25300
2019-02-26T10:39:24.000Z,55.058983,24.983393,0,25300
2019-02-26T10:42:24.000Z,55.058523,24.983318,1,26800
2019-02-26T10:42:24.000Z,55.058523,24.983318,1,26800
2019-02-26T10:42:24.000Z,55.058523,24.983318,1,26800
2019-02-26T10:42:24.000Z,55.058523,24.983318,1,26800
2019-02-26T10:42:24.000Z,55.058523,24.983318,1,26800
2019-02-26T10:45:32.000Z,55.057587,24.983772,0,29920
2019-02-26T10:45:32.000Z,55.057587,24.983772,0,29920
2019-02-26T10:45:32.000Z,55.057587,24.983772,0,29920
2019-02-26T10:48:24.000Z,55.056503,24.983817,1,22050
2019-02-26T10:48:24.000Z,55.056503,24.983817,1,22050
2019-02-26T10:48:24.000Z,55.056503,24.983817,1,22050
2019-02-26T10:48:24.000Z,55.056503,24.983817,1,22050
2019-02-26T10:48:24.000Z,55.056503,24.983817,1,22050
2019-02-26T10:51:26.000Z,55.05688000000001,24.983417000000006,0,8150
2019-02-26T10:51:26.000Z,55.05688000000001,24.983417000000006,0,8150
2019-02-26T10:51:26.000Z,55.05688000000001,24.983417000000006,0,8150
2019-02-26T10:54:27.000Z,55.05696999999999,24.984263,0,34910
2019-02-26T10:54:27.000Z,55.05696999999999,24.984263,0,34910
2019-02-26T10:54:27.000Z,55.05696999999999,24.984263,0,34910
2019-02-26T10:56:18.000Z,55.05649,24.985638,0,34050
2019-02-26T10:56:18.000Z,55.05649,24.985638,0,34050
2019-02-26T10:56:18.000Z,55.05649,24.985638,0,34050
2019-02-26T10:56:38.000Z,55.05635699999999,24.985947,0,33870
2019-02-26T10:56:38.000Z,55.05635699999999,24.985947,0,33870
2019-02-26T10:56:38.000Z,55.05635699999999,24.985947,0,33870
2019-02-26T10:56:59.000Z,55.05620500000001,24.986265,0,33700
2019-02-26T10:56:59.000Z,55.05620500000001,24.986265,0,33700
2019-02-26T10:56:59.000Z,55.05620500000001,24.986265,0,33700
2019-02-26T10:57:17.000Z,55.056043,24.986603,0,33620
2019-02-26T10:57:17.000Z,55.056043,24.986603,0,33620
2019-02-26T10:57:17.000Z,55.056043,24.986603,0,33620
2019-02-26T10:57:39.000Z,55.055873,24.986962,0,33670
2019-02-26T10:57:39.000Z,55.055873,24.986962,0,33670
2019-02-26T10:57:39.000Z,55.055873,24.986962,0,33670
2019-02-26T10:57:58.000Z,55.055688,24.987332,0,33590
2019-02-26T10:57:58.000Z,55.055688,24.987332,0,33590
2019-02-26T10:57:58.000Z,55.055688,24.987332,0,33590
2019-02-26T10:58:14.000Z,55.05561700000001,24.987487,0,33620
2019-02-26T10:58:14.000Z,55.05561700000001,24.987487,0,33620
2019-02-26T10:58:14.000Z,55.05561700000001,24.987487,0,33620
2019-02-26T10:58:27.000Z,55.055437,24.987885,0,33730
2019-02-26T10:58:27.000Z,55.055437,24.987885,0,33730
2019-02-26T10:58:27.000Z,55.055437,24.987885,0,33730
2019-02-26T10:58:37.000Z,55.055327,24.98813,0,33740
2019-02-26T10:58:37.000Z,55.055327,24.98813,0,33740
2019-02-26T10:58:37.000Z,55.055327,24.98813,0,33740
2019-02-26T10:58:53.000Z,55.05525,24.988297,0,33730
2019-02-26T10:58:53.000Z,55.05525,24.988297,0,33730
2019-02-26T10:58:53.000Z,55.05525,24.988297,0,33730
2019-02-26T10:59:02.000Z,55.055128,24.988558,0,33720
2019-02-26T10:59:02.000Z,55.055128,24.988558,0,33720
2019-02-26T10:59:02.000Z,55.055128,24.988558,0,33720
2019-02-26T10:59:07.000Z,55.055048,24.98874,9,33740
2019-02-26T10:59:07.000Z,55.055048,24.98874,9,33740
2019-02-26T10:59:07.000Z,55.055048,24.98874,9,33740
2019-02-26T10:59:07.000Z,55.055048,24.98874,9,33740
2019-02-26T10:59:07.000Z,55.055048,24.98874,9,33740
2019-02-26T10:59:39.000Z,55.054692,24.989507,0,33710
2019-02-26T10:59:39.000Z,55.054692,24.989507,0,33710
2019-02-26T10:59:39.000Z,55.054692,24.989507,0,33710
2019-02-26T10:59:50.000Z,55.054597,24.989708,0,33710
2019-02-26T10:59:50.000Z,55.054597,24.989708,0,33710
2019-02-26T10:59:50.000Z,55.054597,24.989708,0,33710
2019-02-26T10:59:57.000Z,55.054447,24.990013,0,33610
2019-02-26T10:59:57.000Z,55.054447,24.990013,0,33610
2019-02-26T10:59:57.000Z,55.054447,24.990013,0,33610
2019-02-26T11:00:12.000Z,55.054347,24.990223,11,33610
2019-02-26T11:00:12.000Z,55.054347,24.990223,11,33610
2019-02-26T11:00:12.000Z,55.054347,24.990223,11,33610
2019-02-26T11:00:12.000Z,55.054347,24.990223,11,33610
2019-02-26T11:00:12.000Z,55.054347,24.990223,11,33610
2019-02-26T11:00:31.000Z,55.054197,24.990547,0,33670
2019-02-26T11:00:31.000Z,55.054197,24.990547,0,33670
2019-02-26T11:00:31.000Z,55.054197,24.990547,0,33670
2019-02-26T11:00:53.000Z,55.053828,24.991328,0,33690
2019-02-26T11:00:53.000Z,55.053828,24.991328,0,33690
2019-02-26T11:00:53.000Z,55.053828,24.991328,0,33690
2019-02-26T11:01:04.000Z,55.05367,24.991678,0,33720
2019-02-26T11:01:04.000Z,55.05367,24.991678,0,33720
2019-02-26T11:01:04.000Z,55.05367,24.991678,0,33720
2019-02-26T11:01:07.000Z,55.053562,24.991913,0,33740
2019-02-26T11:01:07.000Z,55.053562,24.991913,0,33740
2019-02-26T11:01:07.000Z,55.053562,24.991913,0,33740
2019-02-26T11:01:18.000Z,55.053395,24.99227,0,33700
2019-02-26T11:01:18.000Z,55.053395,24.99227,0,33700
2019-02-26T11:01:18.000Z,55.053395,24.99227,0,33700
2019-02-26T11:01:30.000Z,55.05328000000001,24.99251,0,33660
2019-02-26T11:01:30.000Z,55.05328000000001,24.99251,0,33660
2019-02-26T11:01:30.000Z,55.05328000000001,24.99251,0,33660
2019-02-26T11:01:37.000Z,55.053105,24.992872,0,33610
2019-02-26T11:01:37.000Z,55.053105,24.992872,0,33610
2019-02-26T11:01:37.000Z,55.053105,24.992872,0,33610
2019-02-26T11:01:57.000Z,55.052823,24.993492,13,33750
2019-02-26T11:01:57.000Z,55.052823,24.993492,13,33750
2019-02-26T11:01:57.000Z,55.052823,24.993492,13,33750
2019-02-26T11:01:57.000Z,55.052823,24.993492,13,33750
2019-02-26T11:01:57.000Z,55.052823,24.993492,13,33750
2019-02-26T11:02:19.000Z,55.052533,24.994122,0,33730
2019-02-26T11:02:19.000Z,55.052533,24.994122,0,33730
2019-02-26T11:02:19.000Z,55.052533,24.994122,0,33730
2019-02-26T11:02:34.000Z,55.052365,24.99451,0,33760
2019-02-26T11:02:34.000Z,55.052365,24.99451,0,33760
2019-02-26T11:02:34.000Z,55.052365,24.99451,0,33760
2019-02-26T11:02:41.000Z,55.052263,24.994777,0,33960
2019-02-26T11:02:41.000Z,55.052263,24.994777,0,33960
2019-02-26T11:02:41.000Z,55.052263,24.994777,0,33960
2019-02-26T11:02:50.000Z,55.052148,24.995037,0,33950
2019-02-26T11:02:50.000Z,55.052148,24.995037,0,33950
2019-02-26T11:02:50.000Z,55.052148,24.995037,0,33950
2019-02-26T11:02:56.000Z,55.051985,24.99543,0,33910
2019-02-26T11:02:56.000Z,55.051985,24.99543,0,33910
2019-02-26T11:02:56.000Z,55.051985,24.99543,0,33910
2019-02-26T11:03:10.000Z,55.05188,24.995692,0,33970
2019-02-26T11:03:10.000Z,55.05188,24.995692,0,33970
2019-02-26T11:03:10.000Z,55.05188,24.995692,0,33970
2019-02-26T11:03:17.000Z,55.051730000000006,24.99609,0,34050
2019-02-26T11:03:17.000Z,55.051730000000006,24.99609,0,34050
2019-02-26T11:03:17.000Z,55.051730000000006,24.99609,0,34050
2019-02-26T11:03:31.000Z,55.051573,24.9965,0,34060
2019-02-26T11:03:31.000Z,55.051573,24.9965,0,34060
2019-02-26T11:03:31.000Z,55.051573,24.9965,0,34060
2019-02-26T11:03:39.000Z,55.051467,24.996778,0,34070
2019-02-26T11:03:39.000Z,55.051467,24.996778,0,34070
2019-02-26T11:03:39.000Z,55.051467,24.996778,0,34070
2019-02-26T11:03:50.000Z,55.051362,24.997057,0,34090
2019-02-26T11:03:50.000Z,55.051362,24.997057,0,34090
2019-02-26T11:03:50.000Z,55.051362,24.997057,0,34090
2019-02-26T11:04:09.000Z,55.051208,24.997473,0,34150
2019-02-26T11:04:09.000Z,55.051208,24.997473,0,34150
2019-02-26T11:04:09.000Z,55.051208,24.997473,0,34150
2019-02-26T11:04:15.000Z,55.05111,24.997753,0,34200
2019-02-26T11:04:15.000Z,55.05111,24.997753,0,34200
2019-02-26T11:04:15.000Z,55.05111,24.997753,0,34200
2019-02-26T11:04:20.000Z,55.050958,24.998173,0,34190
2019-02-26T11:04:20.000Z,55.050958,24.998173,0,34190
2019-02-26T11:04:20.000Z,55.050958,24.998173,0,34190
2019-02-26T11:04:27.000Z,55.050808,24.998595,0,34190
2019-02-26T11:04:27.000Z,55.050808,24.998595,0,34190
2019-02-26T11:04:27.000Z,55.050808,24.998595,0,34190
2019-02-26T11:04:46.000Z,55.050712,24.998875,0,34210
2019-02-26T11:04:46.000Z,55.050712,24.998875,0,34210
2019-02-26T11:04:46.000Z,55.050712,24.998875,0,34210
2019-02-26T11:04:54.000Z,55.050615,24.999153,0,34230
2019-02-26T11:04:54.000Z,55.050615,24.999153,0,34230
2019-02-26T11:04:54.000Z,55.050615,24.999153,0,34230
2019-02-26T11:05:07.000Z,55.050373,24.999847,0,34230
2019-02-26T11:05:07.000Z,55.050373,24.999847,0,34230
2019-02-26T11:05:07.000Z,55.050373,24.999847,0,34230
2019-02-26T11:05:33.000Z,55.050078000000006,25.000665,0,34180
2019-02-26T11:05:33.000Z,55.050078000000006,25.000665,0,34180
2019-02-26T11:05:33.000Z,55.050078000000006,25.000665,0,34180
2019-02-26T11:05:46.000Z,55.04989200000001,25.00121,0,34250
2019-02-26T11:05:46.000Z,55.04989200000001,25.00121,0,34250
2019-02-26T11:05:46.000Z,55.04989200000001,25.00121,0,34250
2019-02-26T11:06:16.000Z,55.04952700000001,25.002258,0,34200
2019-02-26T11:06:16.000Z,55.04952700000001,25.002258,0,34200
2019-02-26T11:06:16.000Z,55.04952700000001,25.002258,0,34200
2019-02-26T11:06:28.000Z,55.049378,25.002663,0,34190
2019-02-26T11:06:28.000Z,55.049378,25.002663,0,34190
2019-02-26T11:06:28.000Z,55.049378,25.002663,0,34190
2019-02-26T11:06:38.000Z,55.049285,25.002933,0,34220
2019-02-26T11:06:38.000Z,55.049285,25.002933,0,34220
2019-02-26T11:06:38.000Z,55.049285,25.002933,0,34220
2019-02-26T11:06:48.000Z,55.049195,25.003202,0,34270
2019-02-26T11:06:48.000Z,55.049195,25.003202,0,34270
2019-02-26T11:06:48.000Z,55.049195,25.003202,0,34270
2019-02-26T11:07:03.000Z,55.04906999999999,25.003602,0,34380
2019-02-26T11:07:03.000Z,55.04906999999999,25.003602,0,34380
2019-02-26T11:07:03.000Z,55.04906999999999,25.003602,0,34380
2019-02-26T11:07:12.000Z,55.048985,25.003870000000006,0,34400
2019-02-26T11:07:12.000Z,55.048985,25.003870000000006,0,34400
2019-02-26T11:07:12.000Z,55.048985,25.003870000000006,0,34400
2019-02-26T11:07:17.000Z,55.048857,25.004275,0,34380
2019-02-26T11:07:17.000Z,55.048857,25.004275,0,34380
2019-02-26T11:07:17.000Z,55.048857,25.004275,0,34380
2019-02-26T11:07:37.000Z,55.048613,25.004948,0,34160
2019-02-26T11:07:37.000Z,55.048613,25.004948,0,34160
2019-02-26T11:07:37.000Z,55.048613,25.004948,0,34160
2019-02-26T11:07:49.000Z,55.048517,25.00522,0,34150
2019-02-26T11:07:49.000Z,55.048517,25.00522,0,34150
2019-02-26T11:07:49.000Z,55.048517,25.00522,0,34150
2019-02-26T11:07:57.000Z,55.04838,25.005633,0,34250
2019-02-26T11:07:57.000Z,55.04838,25.005633,0,34250
2019-02-26T11:07:57.000Z,55.04838,25.005633,0,34250
2019-02-26T11:08:15.000Z,55.048153000000006,25.006332,0,34350
2019-02-26T11:08:15.000Z,55.048153000000006,25.006332,0,34350
2019-02-26T11:08:15.000Z,55.048153000000006,25.006332,0,34350
2019-02-26T11:08:28.000Z,55.048048,25.006602,0,34180
2019-02-26T11:08:28.000Z,55.048048,25.006602,0,34180
2019-02-26T11:08:28.000Z,55.048048,25.006602,0,34180
2019-02-26T11:08:38.000Z,55.047897,25.007008,0,34070
2019-02-26T11:08:38.000Z,55.047897,25.007008,0,34070
2019-02-26T11:08:38.000Z,55.047897,25.007008,0,34070
2019-02-26T11:08:48.000Z,55.047792,25.007278,0,34040
2019-02-26T11:08:48.000Z,55.047792,25.007278,0,34040
2019-02-26T11:08:48.000Z,55.047792,25.007278,0,34040
2019-02-26T11:09:06.000Z,55.047527,25.007947,0,34050
2019-02-26T11:09:06.000Z,55.047527,25.007947,0,34050
2019-02-26T11:09:06.000Z,55.047527,25.007947,0,34050
2019-02-26T11:09:16.000Z,55.047365,25.008353,0,34060
2019-02-26T11:09:16.000Z,55.047365,25.008353,0,34060
2019-02-26T11:09:16.000Z,55.047365,25.008353,0,34060
2019-02-26T11:09:31.000Z,55.047282,25.008627,0,34000
2019-02-26T11:09:31.000Z,55.047282,25.008627,0,34000
2019-02-26T11:09:31.000Z,55.047282,25.008627,0,34000
2019-02-26T11:09:37.000Z,55.047122,25.009043,0,34000
2019-02-26T11:09:37.000Z,55.047122,25.009043,0,34000
2019-02-26T11:09:37.000Z,55.047122,25.009043,0,34000
2019-02-26T11:09:47.000Z,55.047003,25.009325,0,34040
2019-02-26T11:09:47.000Z,55.047003,25.009325,0,34040
2019-02-26T11:09:47.000Z,55.047003,25.009325,0,34040
2019-02-26T11:09:56.000Z,55.04684200000001,25.00975,0,34080
2019-02-26T11:09:56.000Z,55.04684200000001,25.00975,0,34080
2019-02-26T11:09:56.000Z,55.04684200000001,25.00975,0,34080
2019-02-26T11:10:06.000Z,55.046737,25.010027,0,34010
2019-02-26T11:10:06.000Z,55.046737,25.010027,0,34010
2019-02-26T11:10:06.000Z,55.046737,25.010027,0,34010
2019-02-26T11:10:14.000Z,55.046572,25.010445,0,33950
2019-02-26T11:10:14.000Z,55.046572,25.010445,0,33950
2019-02-26T11:10:14.000Z,55.046572,25.010445,0,33950
2019-02-26T11:10:28.000Z,55.046458,25.010728,0,34020
2019-02-26T11:10:28.000Z,55.046458,25.010728,0,34020
2019-02-26T11:10:28.000Z,55.046458,25.010728,0,34020
2019-02-26T11:10:39.000Z,55.04626999999999,25.011145000000006,0,33970
2019-02-26T11:10:39.000Z,55.04626999999999,25.011145000000006,0,33970
2019-02-26T11:10:39.000Z,55.04626999999999,25.011145000000006,0,33970
2019-02-26T11:10:49.000Z,55.046148,25.011422,0,33910
2019-02-26T11:10:49.000Z,55.046148,25.011422,0,33910
2019-02-26T11:10:49.000Z,55.046148,25.011422,0,33910
2019-02-26T11:10:56.000Z,55.045972,25.01184,0,33920
2019-02-26T11:10:56.000Z,55.045972,25.01184,0,33920
2019-02-26T11:10:56.000Z,55.045972,25.01184,0,33920
2019-02-26T11:11:09.000Z,55.045855,25.012118,15,33910
2019-02-26T11:11:09.000Z,55.045855,25.012118,15,33910
2019-02-26T11:11:09.000Z,55.045855,25.012118,15,33910
2019-02-26T11:11:09.000Z,55.045855,25.012118,15,33910
2019-02-26T11:11:09.000Z,55.045855,25.012118,15,33910
2019-02-26T11:11:37.000Z,55.045325,25.013255,0,33670
2019-02-26T11:11:37.000Z,55.045325,25.013255,0,33670
2019-02-26T11:11:37.000Z,55.045325,25.013255,0,33670
2019-02-26T11:11:46.000Z,55.045197,25.013552,0,33730
2019-02-26T11:11:46.000Z,55.045197,25.013552,0,33730
2019-02-26T11:11:46.000Z,55.045197,25.013552,0,33730
2019-02-26T11:11:57.000Z,55.044985,25.014,0,33760
2019-02-26T11:11:57.000Z,55.044985,25.014,0,33760
2019-02-26T11:11:57.000Z,55.044985,25.014,0,33760
2019-02-26T11:12:18.000Z,55.04463000000001,25.014765,0,33700
2019-02-26T11:12:18.000Z,55.04463000000001,25.014765,0,33700
2019-02-26T11:12:18.000Z,55.04463000000001,25.014765,0,33700
2019-02-26T11:12:38.000Z,55.044493,25.015078,0,33720
2019-02-26T11:12:38.000Z,55.044493,25.015078,0,33720
2019-02-26T11:12:38.000Z,55.044493,25.015078,0,33720
2019-02-26T11:12:55.000Z,55.044122,25.015868,0,33690
2019-02-26T11:12:55.000Z,55.044122,25.015868,0,33690
2019-02-26T11:12:55.000Z,55.044122,25.015868,0,33690
2019-02-26T11:13:09.000Z,55.04375699999999,25.016683,0,33770
2019-02-26T11:13:09.000Z,55.04375699999999,25.016683,0,33770
2019-02-26T11:13:09.000Z,55.04375699999999,25.016683,0,33770
2019-02-26T11:13:18.000Z,55.04353,25.017177,0,33780
2019-02-26T11:13:18.000Z,55.04353,25.017177,0,33780
2019-02-26T11:13:18.000Z,55.04353,25.017177,0,33780
2019-02-26T11:13:27.000Z,55.043372,25.017507,0,33750
2019-02-26T11:13:27.000Z,55.043372,25.017507,0,33750
2019-02-26T11:13:27.000Z,55.043372,25.017507,0,33750
2019-02-26T11:13:37.000Z,55.043142,25.018,0,33670
2019-02-26T11:13:37.000Z,55.043142,25.018,0,33670
2019-02-26T11:13:37.000Z,55.043142,25.018,0,33670
2019-02-26T11:13:49.000Z,55.04298299999999,25.018335,0,33660
2019-02-26T11:13:49.000Z,55.04298299999999,25.018335,0,33660
2019-02-26T11:13:49.000Z,55.04298299999999,25.018335,0,33660
2019-02-26T11:13:55.000Z,55.04275500000001,25.018842000000006,0,33720
2019-02-26T11:13:55.000Z,55.04275500000001,25.018842000000006,0,33720
2019-02-26T11:13:55.000Z,55.04275500000001,25.018842000000006,0,33720
2019-02-26T11:14:09.000Z,55.042593,25.019182,0,33740
2019-02-26T11:14:09.000Z,55.042593,25.019182,0,33740
2019-02-26T11:14:09.000Z,55.042593,25.019182,0,33740
2019-02-26T11:14:18.000Z,55.042345,25.019693,0,33690
2019-02-26T11:14:18.000Z,55.042345,25.019693,0,33690
2019-02-26T11:14:18.000Z,55.042345,25.019693,0,33690
2019-02-26T11:14:38.000Z,55.041932,25.020553,0,33740
2019-02-26T11:14:38.000Z,55.041932,25.020553,0,33740
2019-02-26T11:14:38.000Z,55.041932,25.020553,0,33740
2019-02-26T11:14:47.000Z,55.041775,25.020902,0,33760
2019-02-26T11:14:47.000Z,55.041775,25.020902,0,33760
2019-02-26T11:14:47.000Z,55.041775,25.020902,0,33760
2019-02-26T11:15:07.000Z,55.041377,25.021777,0,33770
2019-02-26T11:15:07.000Z,55.041377,25.021777,0,33770
2019-02-26T11:15:07.000Z,55.041377,25.021777,0,33770
2019-02-26T11:15:22.000Z,55.041135,25.022305,0,33750
2019-02-26T11:15:22.000Z,55.041135,25.022305,0,33750
2019-02-26T11:15:22.000Z,55.041135,25.022305,0,33750
2019-02-26T11:15:28.000Z,55.040972,25.02266,0,33750
2019-02-26T11:15:28.000Z,55.040972,25.02266,0,33750
2019-02-26T11:15:28.000Z,55.040972,25.02266,0,33750
2019-02-26T11:15:37.000Z,55.040727,25.023192,0,33730
2019-02-26T11:15:37.000Z,55.040727,25.023192,0,33730
2019-02-26T11:15:37.000Z,55.040727,25.023192,0,33730
2019-02-26T11:15:48.000Z,55.040567,25.023548,0,33730
2019-02-26T11:15:48.000Z,55.040567,25.023548,0,33730
2019-02-26T11:15:48.000Z,55.040567,25.023548,0,33730
2019-02-26T11:16:08.000Z,55.040162,25.024442,0,33750
2019-02-26T11:16:08.000Z,55.040162,25.024442,0,33750
2019-02-26T11:16:08.000Z,55.040162,25.024442,0,33750
2019-02-26T11:16:23.000Z,55.039917,25.024982,0,33740
2019-02-26T11:16:23.000Z,55.039917,25.024982,0,33740
2019-02-26T11:16:23.000Z,55.039917,25.024982,0,33740
2019-02-26T11:16:35.000Z,55.03950699999999,25.02588,0,33710
2019-02-26T11:16:35.000Z,55.03950699999999,25.02588,0,33710
2019-02-26T11:16:35.000Z,55.03950699999999,25.02588,0,33710
2019-02-26T11:16:51.000Z,55.039343,25.02624,0,33700
2019-02-26T11:16:51.000Z,55.039343,25.02624,0,33700
2019-02-26T11:16:51.000Z,55.039343,25.02624,0,33700
2019-02-26T11:17:06.000Z,55.038872,25.027322,0,33730
2019-02-26T11:17:06.000Z,55.038872,25.027322,0,33730
2019-02-26T11:17:06.000Z,55.038872,25.027322,0,33730
2019-02-26T11:17:18.000Z,55.03873000000001,25.027678,0,33740
2019-02-26T11:17:18.000Z,55.03873000000001,25.027678,0,33740
2019-02-26T11:17:18.000Z,55.03873000000001,25.027678,0,33740
2019-02-26T11:17:26.000Z,55.03861,25.028032,0,33730
2019-02-26T11:17:26.000Z,55.03861,25.028032,0,33730
2019-02-26T11:17:26.000Z,55.03861,25.028032,0,33730
2019-02-26T11:17:47.000Z,55.03815,25.02895,0,33800
2019-02-26T11:17:47.000Z,55.03815,25.02895,0,33800
2019-02-26T11:17:47.000Z,55.03815,25.02895,0,33800
2019-02-26T11:17:57.000Z,55.037887,25.029493,0,33720
2019-02-26T11:17:57.000Z,55.037887,25.029493,0,33720
2019-02-26T11:17:57.000Z,55.037887,25.029493,0,33720
2019-02-26T11:18:11.000Z,55.037615,25.030032,0,33620
2019-02-26T11:18:11.000Z,55.037615,25.030032,0,33620
2019-02-26T11:18:11.000Z,55.037615,25.030032,0,33620
2019-02-26T11:18:19.000Z,55.03743000000001,25.030388,0,33540
2019-02-26T11:18:19.000Z,55.03743000000001,25.030388,0,33540
2019-02-26T11:18:19.000Z,55.03743000000001,25.030388,0,33540
2019-02-26T11:18:27.000Z,55.037247,25.030742,0,33450
2019-02-26T11:18:27.000Z,55.037247,25.030742,0,33450
2019-02-26T11:18:27.000Z,55.037247,25.030742,0,33450
2019-02-26T11:18:36.000Z,55.036947,25.031267,0,33350
2019-02-26T11:18:36.000Z,55.036947,25.031267,0,33350
2019-02-26T11:18:36.000Z,55.036947,25.031267,0,33350
2019-02-26T11:18:47.000Z,55.036735,25.03161,0,33210
2019-02-26T11:18:47.000Z,55.036735,25.03161,0,33210
2019-02-26T11:18:47.000Z,55.036735,25.03161,0,33210
2019-02-26T11:18:57.000Z,55.036405,25.03211,0,32970
2019-02-26T11:18:57.000Z,55.036405,25.03211,0,32970
2019-02-26T11:18:57.000Z,55.036405,25.03211,0,32970
2019-02-26T11:19:09.000Z,55.036067,25.032603,0,32840
2019-02-26T11:19:09.000Z,55.036067,25.032603,0,32840
2019-02-26T11:19:09.000Z,55.036067,25.032603,0,32840
2019-02-26T11:19:19.000Z,55.035828,25.032927,0,32700
2019-02-26T11:19:19.000Z,55.035828,25.032927,0,32700
2019-02-26T11:19:19.000Z,55.035828,25.032927,0,32700
2019-02-26T11:19:26.000Z,55.03559,25.033247,0,32610
2019-02-26T11:19:26.000Z,55.03559,25.033247,0,32610
2019-02-26T11:19:26.000Z,55.03559,25.033247,0,32610
2019-02-26T11:19:39.000Z,55.035192,25.033712,0,32400
2019-02-26T11:19:39.000Z,55.035192,25.033712,0,32400
2019-02-26T11:19:39.000Z,55.035192,25.033712,0,32400
2019-02-26T11:19:46.000Z,55.03491800000001,25.034007,0,32200
2019-02-26T11:19:46.000Z,55.03491800000001,25.034007,0,32200
2019-02-26T11:19:46.000Z,55.03491800000001,25.034007,0,32200
2019-02-26T11:20:05.000Z,55.03410699999999,25.034872,0,31930
2019-02-26T11:20:05.000Z,55.03410699999999,25.034872,0,31930
2019-02-26T11:20:05.000Z,55.03410699999999,25.034872,0,31930
2019-02-26T11:20:18.000Z,55.033833,25.03516,0,31920
2019-02-26T11:20:18.000Z,55.033833,25.03516,0,31920
2019-02-26T11:20:18.000Z,55.033833,25.03516,0,31920
2019-02-26T11:20:27.000Z,55.033427,25.035597,0,31940
2019-02-26T11:20:27.000Z,55.033427,25.035597,0,31940
2019-02-26T11:20:27.000Z,55.033427,25.035597,0,31940
2019-02-26T11:20:48.000Z,55.032858,25.036148,0,31730
2019-02-26T11:20:48.000Z,55.032858,25.036148,0,31730
2019-02-26T11:20:48.000Z,55.032858,25.036148,0,31730
2019-02-26T11:21:09.000Z,55.031998,25.036993,0,31720
2019-02-26T11:21:09.000Z,55.031998,25.036993,0,31720
2019-02-26T11:21:09.000Z,55.031998,25.036993,0,31720
2019-02-26T11:21:16.000Z,55.031722,25.037278,0,31810
2019-02-26T11:21:16.000Z,55.031722,25.037278,0,31810
2019-02-26T11:21:16.000Z,55.031722,25.037278,0,31810
2019-02-26T11:21:28.000Z,55.03129200000001,25.037695000000006,0,31740
2019-02-26T11:21:28.000Z,55.03129200000001,25.037695000000006,0,31740
2019-02-26T11:21:28.000Z,55.03129200000001,25.037695000000006,0,31740
2019-02-26T11:21:36.000Z,55.031025,25.03798,0,31790
2019-02-26T11:21:36.000Z,55.031025,25.03798,0,31790
2019-02-26T11:21:36.000Z,55.031025,25.03798,0,31790
2019-02-26T11:21:47.000Z,55.030725,25.03825,0,31690
2019-02-26T11:21:47.000Z,55.030725,25.03825,0,31690
2019-02-26T11:21:47.000Z,55.030725,25.03825,0,31690
2019-02-26T11:21:56.000Z,55.03029300000001,25.038663,0,31560
2019-02-26T11:21:56.000Z,55.03029300000001,25.038663,0,31560
2019-02-26T11:21:56.000Z,55.03029300000001,25.038663,0,31560
2019-02-26T11:22:08.000Z,55.02985,25.039065,0,31510
2019-02-26T11:22:08.000Z,55.02985,25.039065,0,31510
2019-02-26T11:22:08.000Z,55.02985,25.039065,0,31510
2019-02-26T11:22:17.000Z,55.02956,25.03934,0,31510
2019-02-26T11:22:17.000Z,55.02956,25.03934,0,31510
2019-02-26T11:22:17.000Z,55.02956,25.03934,0,31510
2019-02-26T11:22:28.000Z,55.029112,25.039742,0,31490
2019-02-26T11:22:28.000Z,55.029112,25.039742,0,31490
2019-02-26T11:22:28.000Z,55.029112,25.039742,0,31490
2019-02-26T11:22:40.000Z,55.02881800000001,25.040017,0,31560
2019-02-26T11:22:40.000Z,55.02881800000001,25.040017,0,31560
2019-02-26T11:22:40.000Z,55.02881800000001,25.040017,0,31560
2019-02-26T11:22:53.000Z,55.02851800000001,25.040285,0,31530
2019-02-26T11:22:53.000Z,55.02851800000001,25.040285,0,31530
2019-02-26T11:22:53.000Z,55.02851800000001,25.040285,0,31530
2019-02-26T11:23:07.000Z,55.027628,25.041105,0,31510
2019-02-26T11:23:07.000Z,55.027628,25.041105,0,31510
2019-02-26T11:23:07.000Z,55.027628,25.041105,0,31510
2019-02-26T11:23:21.000Z,55.027327,25.041375,0,31540
2019-02-26T11:23:21.000Z,55.027327,25.041375,0,31540
2019-02-26T11:23:21.000Z,55.027327,25.041375,0,31540
2019-02-26T11:23:27.000Z,55.02687,25.04177,0,31470
2019-02-26T11:23:27.000Z,55.02687,25.04177,0,31470
2019-02-26T11:23:27.000Z,55.02687,25.04177,0,31470
2019-02-26T11:23:37.000Z,55.02656800000001,25.042037,0,31400
2019-02-26T11:23:37.000Z,55.02656800000001,25.042037,0,31400
2019-02-26T11:23:37.000Z,55.02656800000001,25.042037,0,31400
2019-02-26T11:23:44.000Z,55.026267,25.042303,0,31410
2019-02-26T11:23:44.000Z,55.026267,25.042303,0,31410
2019-02-26T11:23:44.000Z,55.026267,25.042303,0,31410
2019-02-26T11:23:56.000Z,55.025813,25.042705,0,31420
2019-02-26T11:23:56.000Z,55.025813,25.042705,0,31420
2019-02-26T11:23:56.000Z,55.025813,25.042705,0,31420
2019-02-26T11:24:07.000Z,55.025353,25.043112,0,31400
2019-02-26T11:24:07.000Z,55.025353,25.043112,0,31400
2019-02-26T11:24:07.000Z,55.025353,25.043112,0,31400
2019-02-26T11:24:27.000Z,55.024562,25.043777,0,31310
2019-02-26T11:24:27.000Z,55.024562,25.043777,0,31310
2019-02-26T11:24:27.000Z,55.024562,25.043777,0,31310
2019-02-26T11:24:39.000Z,55.024247,25.04404,0,31240
2019-02-26T11:24:39.000Z,55.024247,25.04404,0,31240
2019-02-26T11:24:39.000Z,55.024247,25.04404,0,31240
2019-02-26T11:24:57.000Z,55.023945,25.044312,0,31290
2019-02-26T11:24:57.000Z,55.023945,25.044312,0,31290
2019-02-26T11:24:57.000Z,55.023945,25.044312,0,31290
2019-02-26T11:25:07.000Z,55.023487,25.044717,0,31380
2019-02-26T11:25:07.000Z,55.023487,25.044717,0,31380
2019-02-26T11:25:07.000Z,55.023487,25.044717,0,31380
2019-02-26T11:25:13.000Z,55.02304,25.045115,0,31420
2019-02-26T11:25:13.000Z,55.02304,25.045115,0,31420
2019-02-26T11:25:13.000Z,55.02304,25.045115,0,31420
2019-02-26T11:25:27.000Z,55.022227,25.045788,0,31300
2019-02-26T11:25:27.000Z,55.022227,25.045788,0,31300
2019-02-26T11:25:27.000Z,55.022227,25.045788,0,31300
2019-02-26T11:25:36.000Z,55.021913,25.046052,0,31290
2019-02-26T11:25:36.000Z,55.021913,25.046052,0,31290
2019-02-26T11:25:36.000Z,55.021913,25.046052,0,31290
2019-02-26T11:25:48.000Z,55.021597,25.046315,0,31300
2019-02-26T11:25:48.000Z,55.021597,25.046315,0,31300
2019-02-26T11:25:48.000Z,55.021597,25.046315,0,31300
2019-02-26T11:25:56.000Z,55.02113000000001,25.046703,0,31260
2019-02-26T11:25:56.000Z,55.02113000000001,25.046703,0,31260
2019-02-26T11:25:56.000Z,55.02113000000001,25.046703,0,31260
2019-02-26T11:26:08.000Z,55.020663,25.0471,0,31270
2019-02-26T11:26:08.000Z,55.020663,25.0471,0,31270
2019-02-26T11:26:08.000Z,55.020663,25.0471,0,31270
2019-02-26T11:26:16.000Z,55.020353,25.047367,0,31310
2019-02-26T11:26:16.000Z,55.020353,25.047367,0,31310
2019-02-26T11:26:16.000Z,55.020353,25.047367,0,31310
2019-02-26T11:26:29.000Z,55.019873,25.047757,0,31290
2019-02-26T11:26:29.000Z,55.019873,25.047757,0,31290
2019-02-26T11:26:29.000Z,55.019873,25.047757,0,31290
2019-02-26T11:26:37.000Z,55.019547,25.048008,0,31140
2019-02-26T11:26:37.000Z,55.019547,25.048008,0,31140
2019-02-26T11:26:37.000Z,55.019547,25.048008,0,31140
2019-02-26T11:26:47.000Z,55.01922800000001,25.048263,0,31100
2019-02-26T11:26:47.000Z,55.01922800000001,25.048263,0,31100
2019-02-26T11:26:47.000Z,55.01922800000001,25.048263,0,31100
2019-02-26T11:26:57.000Z,55.018762,25.048648,0,31110
2019-02-26T11:26:57.000Z,55.018762,25.048648,0,31110
2019-02-26T11:26:57.000Z,55.018762,25.048648,0,31110
2019-02-26T11:27:08.000Z,55.018265,25.049023,0,31120
2019-02-26T11:27:08.000Z,55.018265,25.049023,0,31120
2019-02-26T11:27:08.000Z,55.018265,25.049023,0,31120
2019-02-26T11:27:28.000Z,55.01745500000001,25.049662,0,31080
2019-02-26T11:27:28.000Z,55.01745500000001,25.049662,0,31080
2019-02-26T11:27:28.000Z,55.01745500000001,25.049662,0,31080
2019-02-26T11:27:37.000Z,55.017128,25.049918,0,31090
2019-02-26T11:27:37.000Z,55.017128,25.049918,0,31090
2019-02-26T11:27:37.000Z,55.017128,25.049918,0,31090
2019-02-26T11:27:49.000Z,55.0168,25.050168,0,31060
2019-02-26T11:27:49.000Z,55.0168,25.050168,0,31060
2019-02-26T11:27:49.000Z,55.0168,25.050168,0,31060
2019-02-26T11:27:57.000Z,55.016312,25.050545,0,31030
2019-02-26T11:27:57.000Z,55.016312,25.050545,0,31030
2019-02-26T11:27:57.000Z,55.016312,25.050545,0,31030
2019-02-26T11:28:09.000Z,55.01581700000001,25.05092,0,31000
2019-02-26T11:28:09.000Z,55.01581700000001,25.05092,0,31000
2019-02-26T11:28:09.000Z,55.01581700000001,25.05092,0,31000
2019-02-26T11:28:18.000Z,55.015495,25.051178,0,31030
2019-02-26T11:28:18.000Z,55.015495,25.051178,0,31030
2019-02-26T11:28:18.000Z,55.015495,25.051178,0,31030
2019-02-26T11:28:32.000Z,55.015022,25.05156,0,31120
2019-02-26T11:28:32.000Z,55.015022,25.05156,0,31120
2019-02-26T11:28:32.000Z,55.015022,25.05156,0,31120
2019-02-26T11:28:58.000Z,55.014403,25.052112,0,31320
2019-02-26T11:28:58.000Z,55.014403,25.052112,0,31320
2019-02-26T11:28:58.000Z,55.014403,25.052112,0,31320
2019-02-26T11:29:08.000Z,55.013925,25.052518,0,31370
2019-02-26T11:29:08.000Z,55.013925,25.052518,0,31370
2019-02-26T11:29:08.000Z,55.013925,25.052518,0,31370
2019-02-26T11:29:22.000Z,55.013468,25.052918,0,31390
2019-02-26T11:29:22.000Z,55.013468,25.052918,0,31390
2019-02-26T11:29:22.000Z,55.013468,25.052918,0,31390
2019-02-26T11:29:39.000Z,55.01237800000001,25.05385,0,31360
2019-02-26T11:29:39.000Z,55.01237800000001,25.05385,0,31360
2019-02-26T11:29:39.000Z,55.01237800000001,25.05385,0,31360
2019-02-26T11:29:48.000Z,55.011907,25.054255,0,31370
2019-02-26T11:29:48.000Z,55.011907,25.054255,0,31370
2019-02-26T11:29:48.000Z,55.011907,25.054255,0,31370
2019-02-26T11:29:58.000Z,55.01159200000001,25.054528,0,31380
2019-02-26T11:29:58.000Z,55.01159200000001,25.054528,0,31380
2019-02-26T11:29:58.000Z,55.01159200000001,25.054528,0,31380
2019-02-26T11:30:08.000Z,55.011112,25.054932,0,31350
2019-02-26T11:30:08.000Z,55.011112,25.054932,0,31350
2019-02-26T11:30:08.000Z,55.011112,25.054932,0,31350
2019-02-26T11:30:18.000Z,55.01078199999999,25.055208,0,31320
2019-02-26T11:30:18.000Z,55.01078199999999,25.055208,0,31320
2019-02-26T11:30:18.000Z,55.01078199999999,25.055208,0,31320
2019-02-26T11:30:37.000Z,55.009992,25.055882,0,31330
2019-02-26T11:30:37.000Z,55.009992,25.055882,0,31330
2019-02-26T11:30:37.000Z,55.009992,25.055882,0,31330
2019-02-26T11:30:52.000Z,55.009533,25.056285,0,31350
2019-02-26T11:30:52.000Z,55.009533,25.056285,0,31350
2019-02-26T11:30:52.000Z,55.009533,25.056285,0,31350
2019-02-26T11:31:10.000Z,55.009225,25.056553,0,31370
2019-02-26T11:31:10.000Z,55.009225,25.056553,0,31370
2019-02-26T11:31:10.000Z,55.009225,25.056553,0,31370
2019-02-26T11:31:18.000Z,55.00875500000001,25.056957,0,31350
2019-02-26T11:31:18.000Z,55.00875500000001,25.056957,0,31350
2019-02-26T11:31:18.000Z,55.00875500000001,25.056957,0,31350
2019-02-26T11:31:29.000Z,55.007997,25.057633,0,31400
2019-02-26T11:31:29.000Z,55.007997,25.057633,0,31400
2019-02-26T11:31:29.000Z,55.007997,25.057633,0,31400
2019-02-26T11:31:40.000Z,55.00769200000001,25.057908,0,31450
2019-02-26T11:31:40.000Z,55.00769200000001,25.057908,0,31450
2019-02-26T11:31:40.000Z,55.00769200000001,25.057908,0,31450
2019-02-26T11:31:50.000Z,55.00738199999999,25.058185,0,31470
2019-02-26T11:31:50.000Z,55.00738199999999,25.058185,0,31470
2019-02-26T11:31:50.000Z,55.00738199999999,25.058185,0,31470
2019-02-26T11:31:57.000Z,55.006912,25.058598,0,31440
2019-02-26T11:31:57.000Z,55.006912,25.058598,0,31440
2019-02-26T11:31:57.000Z,55.006912,25.058598,0,31440
2019-02-26T11:32:16.000Z,55.006438,25.058993,0,31360
2019-02-26T11:32:16.000Z,55.006438,25.058993,0,31360
2019-02-26T11:32:16.000Z,55.006438,25.058993,0,31360
2019-02-26T11:32:20.000Z,55.006117,25.05926,0,31260
2019-02-26T11:32:20.000Z,55.006117,25.05926,0,31260
2019-02-26T11:32:20.000Z,55.006117,25.05926,0,31260
2019-02-26T11:32:29.000Z,55.005653,25.059668,0,31320
2019-02-26T11:32:29.000Z,55.005653,25.059668,0,31320
2019-02-26T11:32:29.000Z,55.005653,25.059668,0,31320
2019-02-26T11:32:41.000Z,55.00534,25.059938,0,31350
2019-02-26T11:32:41.000Z,55.00534,25.059938,0,31350
2019-02-26T11:32:41.000Z,55.00534,25.059938,0,31350
2019-02-26T11:32:48.000Z,55.004875,25.06035,0,31400
2019-02-26T11:32:48.000Z,55.004875,25.06035,0,31400
2019-02-26T11:32:48.000Z,55.004875,25.06035,0,31400
2019-02-26T11:32:57.000Z,55.004565,25.060622,0,31420
2019-02-26T11:32:57.000Z,55.004565,25.060622,0,31420
2019-02-26T11:32:57.000Z,55.004565,25.060622,0,31420
2019-02-26T11:33:09.000Z,55.004102,25.061028,0,31410
2019-02-26T11:33:09.000Z,55.004102,25.061028,0,31410
2019-02-26T11:33:09.000Z,55.004102,25.061028,0,31410
2019-02-26T11:33:18.000Z,55.00379,25.061292,0,31330
2019-02-26T11:33:18.000Z,55.00379,25.061292,0,31330
2019-02-26T11:33:18.000Z,55.00379,25.061292,0,31330
2019-02-26T11:33:40.000Z,55.003022,25.061962,0,31350
2019-02-26T11:33:40.000Z,55.003022,25.061962,0,31350
2019-02-26T11:33:40.000Z,55.003022,25.061962,0,31350
2019-02-26T11:33:50.000Z,55.00255500000001,25.06237,0,31390
2019-02-26T11:33:50.000Z,55.00255500000001,25.06237,0,31390
2019-02-26T11:33:50.000Z,55.00255500000001,25.06237,0,31390
2019-02-26T11:33:59.000Z,55.002238,25.062648,0,31420
2019-02-26T11:33:59.000Z,55.002238,25.062648,0,31420
2019-02-26T11:33:59.000Z,55.002238,25.062648,0,31420
2019-02-26T11:34:07.000Z,55.001933,25.06292,0,31430
2019-02-26T11:34:07.000Z,55.001933,25.06292,0,31430
2019-02-26T11:34:07.000Z,55.001933,25.06292,0,31430
2019-02-26T11:34:19.000Z,55.001468,25.063328,0,31420
2019-02-26T11:34:19.000Z,55.001468,25.063328,0,31420
2019-02-26T11:34:19.000Z,55.001468,25.063328,0,31420
2019-02-26T11:34:29.000Z,55.00100000000001,25.063735,0,31410
2019-02-26T11:34:29.000Z,55.00100000000001,25.063735,0,31410
2019-02-26T11:34:29.000Z,55.00100000000001,25.063735,0,31410
2019-02-26T11:34:39.000Z,55.00069000000001,25.064003,0,31370
2019-02-26T11:34:39.000Z,55.00069000000001,25.064003,0,31370
2019-02-26T11:34:39.000Z,55.00069000000001,25.064003,0,31370
2019-02-26T11:34:48.000Z,55.00037800000001,25.06427,0,31340
2019-02-26T11:34:48.000Z,55.00037800000001,25.06427,0,31340
2019-02-26T11:34:48.000Z,55.00037800000001,25.06427,0,31340
2019-02-26T11:35:04.000Z,54.99992,25.064682,0,31370
2019-02-26T11:35:04.000Z,54.99992,25.064682,0,31370
2019-02-26T11:35:04.000Z,54.99992,25.064682,0,31370
2019-02-26T11:35:10.000Z,54.999608,25.064948,0,31380
2019-02-26T11:35:10.000Z,54.999608,25.064948,0,31380
2019-02-26T11:35:10.000Z,54.999608,25.064948,0,31380
2019-02-26T11:35:16.000Z,54.999152,25.065355,0,31410
2019-02-26T11:35:16.000Z,54.999152,25.065355,0,31410
2019-02-26T11:35:16.000Z,54.999152,25.065355,0,31410
2019-02-26T11:35:31.000Z,54.998697,25.06576,0,31420
2019-02-26T11:35:31.000Z,54.998697,25.06576,0,31420
2019-02-26T11:35:31.000Z,54.998697,25.06576,0,31420
2019-02-26T11:35:53.000Z,54.997913,25.066437,0,31400
2019-02-26T11:35:53.000Z,54.997913,25.066437,0,31400
2019-02-26T11:35:53.000Z,54.997913,25.066437,0,31400
2019-02-26T11:36:03.000Z,54.997607,25.066707,0,31340
2019-02-26T11:36:03.000Z,54.997607,25.066707,0,31340
2019-02-26T11:36:03.000Z,54.997607,25.066707,0,31340
2019-02-26T11:36:26.000Z,54.997298,25.066975,0,31360
2019-02-26T11:36:26.000Z,54.997298,25.066975,0,31360
2019-02-26T11:36:26.000Z,54.997298,25.066975,0,31360
2019-02-26T11:36:40.000Z,54.996833,25.067387,0,31430
2019-02-26T11:36:40.000Z,54.996833,25.067387,0,31430
2019-02-26T11:36:40.000Z,54.996833,25.067387,0,31430
2019-02-26T11:36:46.000Z,54.996375,25.067795,0,31460
2019-02-26T11:36:46.000Z,54.996375,25.067795,0,31460
2019-02-26T11:36:46.000Z,54.996375,25.067795,0,31460
2019-02-26T11:36:53.000Z,54.996065,25.068075,0,31460
2019-02-26T11:36:53.000Z,54.996065,25.068075,0,31460
2019-02-26T11:36:53.000Z,54.996065,25.068075,0,31460
2019-02-26T11:37:05.000Z,54.99559,25.068485,0,31420
2019-02-26T11:37:05.000Z,54.99559,25.068485,0,31420
2019-02-26T11:37:05.000Z,54.99559,25.068485,0,31420
2019-02-26T11:37:31.000Z,54.994052,25.069817,0,31330
2019-02-26T11:37:31.000Z,54.994052,25.069817,0,31330
2019-02-26T11:37:31.000Z,54.994052,25.069817,0,31330
2019-02-26T11:37:48.000Z,54.993277,25.0705,0,31400
2019-02-26T11:37:48.000Z,54.993277,25.0705,0,31400
2019-02-26T11:37:48.000Z,54.993277,25.0705,0,31400
2019-02-26T11:38:10.000Z,54.99298,25.07077,0,31440
2019-02-26T11:38:10.000Z,54.99298,25.07077,0,31440
2019-02-26T11:38:10.000Z,54.99298,25.07077,0,31440
2019-02-26T11:38:22.000Z,54.99267800000001,25.07104,0,31450
2019-02-26T11:38:22.000Z,54.99267800000001,25.07104,0,31450
2019-02-26T11:38:22.000Z,54.99267800000001,25.07104,0,31450
2019-02-26T11:38:43.000Z,54.991445,25.07214,0,31390
2019-02-26T11:38:43.000Z,54.991445,25.07214,0,31390
2019-02-26T11:38:43.000Z,54.991445,25.07214,0,31390
2019-02-26T11:38:56.000Z,54.990958,25.072558,0,31410
2019-02-26T11:38:56.000Z,54.990958,25.072558,0,31410
2019-02-26T11:38:56.000Z,54.990958,25.072558,0,31410
2019-02-26T11:39:07.000Z,54.99034,25.073108,0,31410
2019-02-26T11:39:07.000Z,54.99034,25.073108,0,31410
2019-02-26T11:39:07.000Z,54.99034,25.073108,0,31410
2019-02-26T11:39:19.000Z,54.989873,25.073515,19,31360
2019-02-26T11:39:19.000Z,54.989873,25.073515,19,31360
2019-02-26T11:39:19.000Z,54.989873,25.073515,19,31360
2019-02-26T11:39:19.000Z,54.989873,25.073515,19,31360
2019-02-26T11:39:19.000Z,54.989873,25.073515,19,31360
2019-02-26T11:39:38.000Z,54.989125,25.074273,0,31400
2019-02-26T11:39:38.000Z,54.989125,25.074273,0,31400
2019-02-26T11:39:38.000Z,54.989125,25.074273,0,31400
2019-02-26T11:39:46.000Z,54.988663,25.074675,0,31430
2019-02-26T11:39:46.000Z,54.988663,25.074675,0,31430
2019-02-26T11:39:46.000Z,54.988663,25.074675,0,31430
2019-02-26T11:39:59.000Z,54.98835500000001,25.074928,0,31420
2019-02-26T11:39:59.000Z,54.98835500000001,25.074928,0,31420
2019-02-26T11:39:59.000Z,54.98835500000001,25.074928,0,31420
2019-02-26T11:40:04.000Z,54.988058,25.075187,0,31390
2019-02-26T11:40:04.000Z,54.988058,25.075187,0,31390
2019-02-26T11:40:04.000Z,54.988058,25.075187,0,31390
2019-02-26T11:40:17.000Z,54.987582,25.075592,0,31390
2019-02-26T11:40:17.000Z,54.987582,25.075592,0,31390
2019-02-26T11:40:17.000Z,54.987582,25.075592,0,31390
2019-02-26T11:40:27.000Z,54.98712800000001,25.076002,0,31420
2019-02-26T11:40:27.000Z,54.98712800000001,25.076002,0,31420
2019-02-26T11:40:27.000Z,54.98712800000001,25.076002,0,31420
2019-02-26T11:40:36.000Z,54.98682700000001,25.076253,0,31430
2019-02-26T11:40:36.000Z,54.98682700000001,25.076253,0,31430
2019-02-26T11:40:36.000Z,54.98682700000001,25.076253,0,31430
2019-02-26T11:40:46.000Z,54.98635,25.076672,0,31400
2019-02-26T11:40:46.000Z,54.98635,25.076672,0,31400
2019-02-26T11:40:46.000Z,54.98635,25.076672,0,31400
2019-02-26T11:40:57.000Z,54.986032,25.07692,0,31370
2019-02-26T11:40:57.000Z,54.986032,25.07692,0,31370
2019-02-26T11:40:57.000Z,54.986032,25.07692,0,31370
2019-02-26T11:41:19.000Z,54.985722,25.077185,0,31410
2019-02-26T11:41:19.000Z,54.985722,25.077185,0,31410
2019-02-26T11:41:19.000Z,54.985722,25.077185,0,31410
2019-02-26T11:41:39.000Z,54.984473,25.078285,0,31380
2019-02-26T11:41:39.000Z,54.984473,25.078285,0,31380
2019-02-26T11:41:39.000Z,54.984473,25.078285,0,31380
2019-02-26T11:41:48.000Z,54.983998,25.078662,0,31330
2019-02-26T11:41:48.000Z,54.983998,25.078662,0,31330
2019-02-26T11:41:48.000Z,54.983998,25.078662,0,31330
2019-02-26T11:42:01.000Z,54.983687,25.078928,0,31340
2019-02-26T11:42:01.000Z,54.983687,25.078928,0,31340
2019-02-26T11:42:01.000Z,54.983687,25.078928,0,31340
2019-02-26T11:42:13.000Z,54.98338,25.079202,0,31370
2019-02-26T11:42:13.000Z,54.98338,25.079202,0,31370
2019-02-26T11:42:13.000Z,54.98338,25.079202,0,31370
2019-02-26T11:42:28.000Z,54.982453,25.080013,0,31410
2019-02-26T11:42:28.000Z,54.982453,25.080013,0,31410
2019-02-26T11:42:28.000Z,54.982453,25.080013,0,31410
2019-02-26T11:42:41.000Z,54.982138,25.080278,0,31340
2019-02-26T11:42:41.000Z,54.982138,25.080278,0,31340
2019-02-26T11:42:41.000Z,54.982138,25.080278,0,31340
2019-02-26T11:42:51.000Z,54.981672,25.080682,0,31320
2019-02-26T11:42:51.000Z,54.981672,25.080682,0,31320
2019-02-26T11:42:51.000Z,54.981672,25.080682,0,31320
2019-02-26T11:43:06.000Z,54.98135799999999,25.080952,0,31360
2019-02-26T11:43:06.000Z,54.98135799999999,25.080952,0,31360
2019-02-26T11:43:06.000Z,54.98135799999999,25.080952,0,31360
2019-02-26T11:43:17.000Z,54.98059,25.081627,0,31400
2019-02-26T11:43:17.000Z,54.98059,25.081627,0,31400
2019-02-26T11:43:17.000Z,54.98059,25.081627,0,31400
2019-02-26T11:43:32.000Z,54.980125,25.082023,0,31380
2019-02-26T11:43:32.000Z,54.980125,25.082023,0,31380
2019-02-26T11:43:32.000Z,54.980125,25.082023,0,31380
2019-02-26T11:43:41.000Z,54.97981,25.082283,0,31280
2019-02-26T11:43:41.000Z,54.97981,25.082283,0,31280
2019-02-26T11:43:41.000Z,54.97981,25.082283,0,31280
2019-02-26T11:43:51.000Z,54.9795,25.082553,0,31290
2019-02-26T11:43:51.000Z,54.9795,25.082553,0,31290
2019-02-26T11:43:51.000Z,54.9795,25.082553,0,31290
2019-02-26T11:43:59.000Z,54.979038,25.082958,19,31360
2019-02-26T11:43:59.000Z,54.979038,25.082958,19,31360
2019-02-26T11:43:59.000Z,54.979038,25.082958,19,31360
2019-02-26T11:43:59.000Z,54.979038,25.082958,19,31360
2019-02-26T11:43:59.000Z,54.979038,25.082958,19,31360
2019-02-26T11:44:22.000Z,54.978265,25.08364,0,31390
2019-02-26T11:44:22.000Z,54.978265,25.08364,0,31390
2019-02-26T11:44:22.000Z,54.978265,25.08364,0,31390
2019-02-26T11:44:26.000Z,54.97795,25.083908,0,31340
2019-02-26T11:44:26.000Z,54.97795,25.083908,0,31340
2019-02-26T11:44:26.000Z,54.97795,25.083908,0,31340
2019-02-26T11:44:36.000Z,54.97747800000001,25.084313,0,31300
2019-02-26T11:44:36.000Z,54.97747800000001,25.084313,0,31300
2019-02-26T11:44:36.000Z,54.97747800000001,25.084313,0,31300
2019-02-26T11:44:46.000Z,54.977172,25.084587,0,31350
2019-02-26T11:44:46.000Z,54.977172,25.084587,0,31350
2019-02-26T11:44:46.000Z,54.977172,25.084587,0,31350
2019-02-26T11:44:56.000Z,54.976707,25.084993,0,31370
2019-02-26T11:44:56.000Z,54.976707,25.084993,0,31370
2019-02-26T11:44:56.000Z,54.976707,25.084993,0,31370
2019-02-26T11:45:17.000Z,54.97624,25.085398,0,31370
2019-02-26T11:45:17.000Z,54.97624,25.085398,0,31370
2019-02-26T11:45:17.000Z,54.97624,25.085398,0,31370
2019-02-26T11:45:26.000Z,54.97561,25.085933,0,31290
2019-02-26T11:45:26.000Z,54.97561,25.085933,0,31290
2019-02-26T11:45:26.000Z,54.97561,25.085933,0,31290
2019-02-26T11:45:39.000Z,54.975143,25.08634,0,31350
2019-02-26T11:45:39.000Z,54.975143,25.08634,0,31350
2019-02-26T11:45:39.000Z,54.975143,25.08634,0,31350
2019-02-26T11:45:47.000Z,54.974833,25.086615,0,31400
2019-02-26T11:45:47.000Z,54.974833,25.086615,0,31400
2019-02-26T11:45:47.000Z,54.974833,25.086615,0,31400
2019-02-26T11:46:00.000Z,54.974367,25.087025,0,31410
2019-02-26T11:46:00.000Z,54.974367,25.087025,0,31410
2019-02-26T11:46:00.000Z,54.974367,25.087025,0,31410
2019-02-26T11:46:09.000Z,54.973902,25.08743,0,31390
2019-02-26T11:46:09.000Z,54.973902,25.08743,0,31390
2019-02-26T11:46:09.000Z,54.973902,25.08743,0,31390
2019-02-26T11:46:17.000Z,54.973592,25.0877,0,31370
2019-02-26T11:46:17.000Z,54.973592,25.0877,0,31370
2019-02-26T11:46:17.000Z,54.973592,25.0877,0,31370
2019-02-26T11:46:29.000Z,54.973282,25.087972,0,31370
2019-02-26T11:46:29.000Z,54.973282,25.087972,0,31370
2019-02-26T11:46:29.000Z,54.973282,25.087972,0,31370
2019-02-26T11:46:41.000Z,54.972818,25.088378,0,31390
2019-02-26T11:46:41.000Z,54.972818,25.088378,0,31390
2019-02-26T11:46:41.000Z,54.972818,25.088378,0,31390
2019-02-26T11:46:58.000Z,54.972045,25.089053,0,31380
2019-02-26T11:46:58.000Z,54.972045,25.089053,0,31380
2019-02-26T11:46:58.000Z,54.972045,25.089053,0,31380
2019-02-26T11:47:11.000Z,54.971588,25.089442,0,31350
2019-02-26T11:47:11.000Z,54.971588,25.089442,0,31350
2019-02-26T11:47:11.000Z,54.971588,25.089442,0,31350
2019-02-26T11:47:19.000Z,54.971285,25.089705,0,31370
2019-02-26T11:47:19.000Z,54.971285,25.089705,0,31370
2019-02-26T11:47:19.000Z,54.971285,25.089705,0,31370
2019-02-26T11:47:26.000Z,54.970978,25.089972,0,31380
2019-02-26T11:47:26.000Z,54.970978,25.089972,0,31380
2019-02-26T11:47:26.000Z,54.970978,25.089972,0,31380
2019-02-26T11:47:37.000Z,54.970508,25.090383,0,31400
2019-02-26T11:47:37.000Z,54.970508,25.090383,0,31400
2019-02-26T11:47:37.000Z,54.970508,25.090383,0,31400
2019-02-26T11:47:47.000Z,54.970193,25.090662,0,31390
2019-02-26T11:47:47.000Z,54.970193,25.090662,0,31390
2019-02-26T11:47:47.000Z,54.970193,25.090662,0,31390
2019-02-26T11:47:57.000Z,54.96971800000001,25.091065,0,31300
2019-02-26T11:47:57.000Z,54.96971800000001,25.091065,0,31300
2019-02-26T11:47:57.000Z,54.96971800000001,25.091065,0,31300
2019-02-26T11:48:10.000Z,54.969255,25.091472,0,31320
2019-02-26T11:48:10.000Z,54.969255,25.091472,0,31320
2019-02-26T11:48:10.000Z,54.969255,25.091472,0,31320
2019-02-26T11:48:18.000Z,54.968952,25.091747,0,31410
2019-02-26T11:48:18.000Z,54.968952,25.091747,0,31410
2019-02-26T11:48:18.000Z,54.968952,25.091747,0,31410
2019-02-26T11:48:38.000Z,54.968188,25.09244,0,31480
2019-02-26T11:48:38.000Z,54.968188,25.09244,0,31480
2019-02-26T11:48:38.000Z,54.968188,25.09244,0,31480
2019-02-26T11:48:46.000Z,54.967878000000006,25.092712,0,31440
2019-02-26T11:48:46.000Z,54.967878000000006,25.092712,0,31440
2019-02-26T11:48:46.000Z,54.967878000000006,25.092712,0,31440
2019-02-26T11:48:58.000Z,54.967412,25.093115,0,31350
2019-02-26T11:48:58.000Z,54.967412,25.093115,0,31350
2019-02-26T11:48:58.000Z,54.967412,25.093115,0,31350
2019-02-26T11:49:17.000Z,54.96694300000001,25.093518,0,31340
2019-02-26T11:49:17.000Z,54.96694300000001,25.093518,0,31340
2019-02-26T11:49:17.000Z,54.96694300000001,25.093518,0,31340
2019-02-26T11:49:30.000Z,54.966325,25.094062,0,31420
2019-02-26T11:49:30.000Z,54.966325,25.094062,0,31420
2019-02-26T11:49:30.000Z,54.966325,25.094062,0,31420
2019-02-26T11:49:38.000Z,54.965867,25.094473,0,31450
2019-02-26T11:49:38.000Z,54.965867,25.094473,0,31450
2019-02-26T11:49:38.000Z,54.965867,25.094473,0,31450
2019-02-26T11:49:59.000Z,54.965558,25.094743,19,31410
2019-02-26T11:49:59.000Z,54.965558,25.094743,19,31410
2019-02-26T11:49:59.000Z,54.965558,25.094743,19,31410
2019-02-26T11:49:59.000Z,54.965558,25.094743,19,31410
2019-02-26T11:49:59.000Z,54.965558,25.094743,19,31410
2019-02-26T11:50:28.000Z,54.96433,25.095818,0,31390
2019-02-26T11:50:28.000Z,54.96433,25.095818,0,31390
2019-02-26T11:50:28.000Z,54.96433,25.095818,0,31390
2019-02-26T11:50:35.000Z,54.96403000000001,25.096072,0,31390
2019-02-26T11:50:35.000Z,54.96403000000001,25.096072,0,31390
2019-02-26T11:50:35.000Z,54.96403000000001,25.096072,0,31390
2019-02-26T11:50:47.000Z,54.963253,25.096752,0,31390
2019-02-26T11:50:47.000Z,54.963253,25.096752,0,31390
2019-02-26T11:50:47.000Z,54.963253,25.096752,0,31390
2019-02-26T11:50:57.000Z,54.96279200000001,25.09716,0,31370
2019-02-26T11:50:57.000Z,54.96279200000001,25.09716,0,31370
2019-02-26T11:50:57.000Z,54.96279200000001,25.09716,0,31370
2019-02-26T11:51:09.000Z,54.962333,25.097573,0,31400
2019-02-26T11:51:09.000Z,54.962333,25.097573,0,31400
2019-02-26T11:51:09.000Z,54.962333,25.097573,0,31400
2019-02-26T11:51:18.000Z,54.96203000000001,25.097843,0,31450
2019-02-26T11:51:18.000Z,54.96203000000001,25.097843,0,31450
2019-02-26T11:51:18.000Z,54.96203000000001,25.097843,0,31450
2019-02-26T11:51:32.000Z,54.961738,25.098103,0,31430
2019-02-26T11:51:32.000Z,54.961738,25.098103,0,31430
2019-02-26T11:51:32.000Z,54.961738,25.098103,0,31430
2019-02-26T11:51:47.000Z,54.960958,25.098767,0,31340
2019-02-26T11:51:47.000Z,54.960958,25.098767,0,31340
2019-02-26T11:51:47.000Z,54.960958,25.098767,0,31340
2019-02-26T11:52:02.000Z,54.96049300000001,25.099172,0,31350
2019-02-26T11:52:02.000Z,54.96049300000001,25.099172,0,31350
2019-02-26T11:52:02.000Z,54.96049300000001,25.099172,0,31350
2019-02-26T11:52:11.000Z,54.96003,25.099588,0,31390
2019-02-26T11:52:11.000Z,54.96003,25.099588,0,31390
2019-02-26T11:52:11.000Z,54.96003,25.099588,0,31390
2019-02-26T11:52:28.000Z,54.95973299999999,25.099853,0,31440
2019-02-26T11:52:28.000Z,54.95973299999999,25.099853,0,31440
2019-02-26T11:52:28.000Z,54.95973299999999,25.099853,0,31440
2019-02-26T11:52:38.000Z,54.959428,25.100115,0,31440
2019-02-26T11:52:38.000Z,54.959428,25.100115,0,31440
2019-02-26T11:52:38.000Z,54.959428,25.100115,0,31440
2019-02-26T11:52:51.000Z,54.958657,25.100813,0,31450
2019-02-26T11:52:51.000Z,54.958657,25.100813,0,31450
2019-02-26T11:52:51.000Z,54.958657,25.100813,0,31450
2019-02-26T11:52:57.000Z,54.958187,25.101225,0,31390
2019-02-26T11:52:57.000Z,54.958187,25.101225,0,31390
2019-02-26T11:52:57.000Z,54.958187,25.101225,0,31390
2019-02-26T11:53:07.000Z,54.957725,25.101623,0,31350
2019-02-26T11:53:07.000Z,54.957725,25.101623,0,31350
2019-02-26T11:53:07.000Z,54.957725,25.101623,0,31350
2019-02-26T11:53:26.000Z,54.95711800000001,25.102173,0,31460
2019-02-26T11:53:26.000Z,54.95711800000001,25.102173,0,31460
2019-02-26T11:53:26.000Z,54.95711800000001,25.102173,0,31460
2019-02-26T11:53:45.000Z,54.95666,25.102588,0,31480
2019-02-26T11:53:45.000Z,54.95666,25.102588,0,31480
2019-02-26T11:53:45.000Z,54.95666,25.102588,0,31480
2019-02-26T11:53:58.000Z,54.956362,25.102868,0,31530
2019-02-26T11:53:58.000Z,54.956362,25.102868,0,31530
2019-02-26T11:53:58.000Z,54.956362,25.102868,0,31530
2019-02-26T11:54:10.000Z,54.95545500000001,25.103698,0,31540
2019-02-26T11:54:10.000Z,54.95545500000001,25.103698,0,31540
2019-02-26T11:54:10.000Z,54.95545500000001,25.103698,0,31540
2019-02-26T11:54:18.000Z,54.95515500000001,25.103972,0,31520
2019-02-26T11:54:18.000Z,54.95515500000001,25.103972,0,31520
2019-02-26T11:54:18.000Z,54.95515500000001,25.103972,0,31520
2019-02-26T11:54:25.000Z,54.954857,25.104248,0,31540
2019-02-26T11:54:25.000Z,54.954857,25.104248,0,31540
2019-02-26T11:54:25.000Z,54.954857,25.104248,0,31540
2019-02-26T11:54:39.000Z,54.954412,25.104667000000006,0,31580
2019-02-26T11:54:39.000Z,54.954412,25.104667000000006,0,31580
2019-02-26T11:54:39.000Z,54.954412,25.104667000000006,0,31580
2019-02-26T11:54:48.000Z,54.954113,25.104947,0,31600
2019-02-26T11:54:48.000Z,54.954113,25.104947,0,31600
2019-02-26T11:54:48.000Z,54.954113,25.104947,0,31600
2019-02-26T11:54:57.000Z,54.95367,25.105365,19,31600
2019-02-26T11:54:57.000Z,54.95367,25.105365,19,31600
2019-02-26T11:54:57.000Z,54.95367,25.105365,19,31600
2019-02-26T11:54:57.000Z,54.95367,25.105365,19,31600
2019-02-26T11:54:57.000Z,54.95367,25.105365,19,31600
2019-02-26T11:55:06.000Z,54.9532,25.10576,0,31570
2019-02-26T11:55:06.000Z,54.9532,25.10576,0,31570
2019-02-26T11:55:06.000Z,54.9532,25.10576,0,31570
2019-02-26T11:55:17.000Z,54.952923,25.106058,0,31560
2019-02-26T11:55:17.000Z,54.952923,25.106058,0,31560
2019-02-26T11:55:17.000Z,54.952923,25.106058,0,31560
2019-02-26T11:55:24.000Z,54.952627,25.106335,0,31570
2019-02-26T11:55:24.000Z,54.952627,25.106335,0,31570
2019-02-26T11:55:24.000Z,54.952627,25.106335,0,31570
2019-02-26T11:55:38.000Z,54.95218199999999,25.106748,0,31570
2019-02-26T11:55:38.000Z,54.95218199999999,25.106748,0,31570
2019-02-26T11:55:38.000Z,54.95218199999999,25.106748,0,31570
2019-02-26T11:55:48.000Z,54.951887,25.107025,0,31570
2019-02-26T11:55:48.000Z,54.951887,25.107025,0,31570
2019-02-26T11:55:48.000Z,54.951887,25.107025,0,31570
2019-02-26T11:56:00.000Z,54.95144000000001,25.107445,0,31590
2019-02-26T11:56:00.000Z,54.95144000000001,25.107445,0,31590
2019-02-26T11:56:00.000Z,54.95144000000001,25.107445,0,31590
2019-02-26T11:56:07.000Z,54.950987,25.10788,0,31610
2019-02-26T11:56:07.000Z,54.950987,25.10788,0,31610
2019-02-26T11:56:07.000Z,54.950987,25.10788,0,31610
2019-02-26T11:56:20.000Z,54.950688,25.108157,0,31570
2019-02-26T11:56:20.000Z,54.950688,25.108157,0,31570
2019-02-26T11:56:20.000Z,54.950688,25.108157,0,31570
2019-02-26T11:56:27.000Z,54.95039000000001,25.10843,0,31540
2019-02-26T11:56:27.000Z,54.95039000000001,25.10843,0,31540
2019-02-26T11:56:27.000Z,54.95039000000001,25.10843,0,31540
2019-02-26T11:56:38.000Z,54.94994499999999,25.108842000000006,0,31520
2019-02-26T11:56:38.000Z,54.94994499999999,25.108842000000006,0,31520
2019-02-26T11:56:38.000Z,54.94994499999999,25.108842000000006,0,31520
2019-02-26T11:56:45.000Z,54.949648,25.109115,0,31530
2019-02-26T11:56:45.000Z,54.949648,25.109115,0,31530
2019-02-26T11:56:45.000Z,54.949648,25.109115,0,31530
2019-02-26T11:57:04.000Z,54.949205000000006,25.109528,0,31550
2019-02-26T11:57:04.000Z,54.949205000000006,25.109528,0,31550
2019-02-26T11:57:04.000Z,54.949205000000006,25.109528,0,31550
2019-02-26T11:57:21.000Z,54.948473,25.110227,0,31640
2019-02-26T11:57:21.000Z,54.948473,25.110227,0,31640
2019-02-26T11:57:21.000Z,54.948473,25.110227,0,31640
2019-02-26T11:57:33.000Z,54.948177,25.110505,0,31620
2019-02-26T11:57:33.000Z,54.948177,25.110505,0,31620
2019-02-26T11:57:33.000Z,54.948177,25.110505,0,31620
2019-02-26T11:57:39.000Z,54.947725,25.110917,0,31540
2019-02-26T11:57:39.000Z,54.947725,25.110917,0,31540
2019-02-26T11:57:39.000Z,54.947725,25.110917,0,31540
2019-02-26T11:57:47.000Z,54.947422,25.111187,0,31490
2019-02-26T11:57:47.000Z,54.947422,25.111187,0,31490
2019-02-26T11:57:47.000Z,54.947422,25.111187,0,31490
2019-02-26T11:57:59.000Z,54.946977,25.1116,0,31510
2019-02-26T11:57:59.000Z,54.946977,25.1116,0,31510
2019-02-26T11:57:59.000Z,54.946977,25.1116,0,31510
2019-02-26T11:58:08.000Z,54.946532,25.112015,0,31550
2019-02-26T11:58:08.000Z,54.946532,25.112015,0,31550
2019-02-26T11:58:08.000Z,54.946532,25.112015,0,31550
2019-02-26T11:58:19.000Z,54.946235,25.112293,0,31610
2019-02-26T11:58:19.000Z,54.946235,25.112293,0,31610
2019-02-26T11:58:19.000Z,54.946235,25.112293,0,31610
2019-02-26T11:58:32.000Z,54.94594,25.112573,0,31610
2019-02-26T11:58:32.000Z,54.94594,25.112573,0,31610
2019-02-26T11:58:32.000Z,54.94594,25.112573,0,31610
2019-02-26T11:58:43.000Z,54.945492,25.112985,0,31540
2019-02-26T11:58:43.000Z,54.945492,25.112985,0,31540
2019-02-26T11:58:43.000Z,54.945492,25.112985,0,31540
2019-02-26T11:58:50.000Z,54.945188,25.113257,0,31510
2019-02-26T11:58:50.000Z,54.945188,25.113257,0,31510
2019-02-26T11:58:50.000Z,54.945188,25.113257,0,31510
2019-02-26T11:58:58.000Z,54.94474,25.113667,0,31510
2019-02-26T11:58:58.000Z,54.94474,25.113667,0,31510
2019-02-26T11:58:58.000Z,54.94474,25.113667,0,31510
2019-02-26T11:59:08.000Z,54.944295,25.114083,0,31560
2019-02-26T11:59:08.000Z,54.944295,25.114083,0,31560
2019-02-26T11:59:08.000Z,54.944295,25.114083,0,31560
2019-02-26T11:59:17.000Z,54.943995,25.114358,0,31560
2019-02-26T11:59:17.000Z,54.943995,25.114358,0,31560
2019-02-26T11:59:17.000Z,54.943995,25.114358,0,31560
2019-02-26T11:59:26.000Z,54.943695,25.114632,0,31530
2019-02-26T11:59:26.000Z,54.943695,25.114632,0,31530
2019-02-26T11:59:26.000Z,54.943695,25.114632,0,31530
2019-02-26T11:59:39.000Z,54.943248,25.115045,0,31530
2019-02-26T11:59:39.000Z,54.943248,25.115045,0,31530
2019-02-26T11:59:39.000Z,54.943248,25.115045,0,31530
2019-02-26T11:59:50.000Z,54.942953,25.115323,0,31570
2019-02-26T11:59:50.000Z,54.942953,25.115323,0,31570
2019-02-26T11:59:50.000Z,54.942953,25.115323,0,31570
2019-02-26T11:59:58.000Z,54.942508,25.115742,0,31600
2019-02-26T11:59:58.000Z,54.942508,25.115742,0,31600
2019-02-26T11:59:58.000Z,54.942508,25.115742,0,31600
2019-02-26T12:00:07.000Z,54.94206,25.116152,0,31580
2019-02-26T12:00:07.000Z,54.94206,25.116152,0,31580
2019-02-26T12:00:07.000Z,54.94206,25.116152,0,31580
2019-02-26T12:00:18.000Z,54.94175500000001,25.116422,0,31490
2019-02-26T12:00:18.000Z,54.94175500000001,25.116422,0,31490
2019-02-26T12:00:18.000Z,54.94175500000001,25.116422,0,31490
2019-02-26T12:00:32.000Z,54.94145200000001,25.116692,0,31470
2019-02-26T12:00:32.000Z,54.94145200000001,25.116692,0,31470
2019-02-26T12:00:32.000Z,54.94145200000001,25.116692,0,31470
2019-02-26T12:00:39.000Z,54.941012,25.1171,0,31540
2019-02-26T12:00:39.000Z,54.941012,25.1171,0,31540
2019-02-26T12:00:39.000Z,54.941012,25.1171,0,31540
2019-02-26T12:00:48.000Z,54.94072,25.117373,0,31580
2019-02-26T12:00:48.000Z,54.94072,25.117373,0,31580
2019-02-26T12:00:48.000Z,54.94072,25.117373,0,31580
2019-02-26T12:00:58.000Z,54.940272,25.117792,0,31600
2019-02-26T12:00:58.000Z,54.940272,25.117792,0,31600
2019-02-26T12:00:58.000Z,54.940272,25.117792,0,31600
2019-02-26T12:01:07.000Z,54.939972,25.118067,0,31560
2019-02-26T12:01:07.000Z,54.939972,25.118067,0,31560
2019-02-26T12:01:07.000Z,54.939972,25.118067,0,31560
2019-02-26T12:01:23.000Z,54.939523,25.118478,0,31500
2019-02-26T12:01:23.000Z,54.939523,25.118478,0,31500
2019-02-26T12:01:23.000Z,54.939523,25.118478,0,31500
2019-02-26T12:01:27.000Z,54.939225,25.11875,0,31470
2019-02-26T12:01:27.000Z,54.939225,25.11875,0,31470
2019-02-26T12:01:27.000Z,54.939225,25.11875,0,31470
2019-02-26T12:01:40.000Z,54.938777,25.119157,0,31470
2019-02-26T12:01:40.000Z,54.938777,25.119157,0,31470
2019-02-26T12:01:40.000Z,54.938777,25.119157,0,31470
2019-02-26T12:01:57.000Z,54.93803000000001,25.119842,0,31570
2019-02-26T12:01:57.000Z,54.93803000000001,25.119842,0,31570
2019-02-26T12:01:57.000Z,54.93803000000001,25.119842,0,31570
2019-02-26T12:02:09.000Z,54.937747,25.12013,0,31680
2019-02-26T12:02:09.000Z,54.937747,25.12013,0,31680
2019-02-26T12:02:09.000Z,54.937747,25.12013,0,31680
2019-02-26T12:02:17.000Z,54.93734499999999,25.120573,0,31950
2019-02-26T12:02:17.000Z,54.93734499999999,25.120573,0,31950
2019-02-26T12:02:17.000Z,54.93734499999999,25.120573,0,31950
2019-02-26T12:02:32.000Z,54.937098,25.120883,0,32220
2019-02-26T12:02:32.000Z,54.937098,25.120883,0,32220
2019-02-26T12:02:32.000Z,54.937098,25.120883,0,32220
2019-02-26T12:02:40.000Z,54.93675500000001,25.121368,0,32630
2019-02-26T12:02:40.000Z,54.93675500000001,25.121368,0,32630
2019-02-26T12:02:40.000Z,54.93675500000001,25.121368,0,32630
2019-02-26T12:02:46.000Z,54.93655699999999,25.121697,0,32920
2019-02-26T12:02:46.000Z,54.93655699999999,25.121697,0,32920
2019-02-26T12:02:46.000Z,54.93655699999999,25.121697,0,32920
2019-02-26T12:03:01.000Z,54.936275,25.122213,0,33270
2019-02-26T12:03:01.000Z,54.936275,25.122213,0,33270
2019-02-26T12:03:01.000Z,54.936275,25.122213,0,33270
2019-02-26T12:03:25.000Z,54.936112,25.12257,0,33570
2019-02-26T12:03:25.000Z,54.936112,25.12257,0,33570
2019-02-26T12:03:25.000Z,54.936112,25.12257,0,33570
2019-02-26T12:03:33.000Z,54.935888,25.123113,0,33900
2019-02-26T12:03:33.000Z,54.935888,25.123113,0,33900
2019-02-26T12:03:33.000Z,54.935888,25.123113,0,33900
2019-02-26T12:03:49.000Z,54.935508,25.124427,0,34650
2019-02-26T12:03:49.000Z,54.935508,25.124427,0,34650
2019-02-26T12:03:49.000Z,54.935508,25.124427,0,34650
2019-02-26T12:03:59.000Z,54.935403,25.125003,19,34960
2019-02-26T12:03:59.000Z,54.935403,25.125003,19,34960
2019-02-26T12:03:59.000Z,54.935403,25.125003,19,34960
2019-02-26T12:03:59.000Z,54.935403,25.125003,19,34960
2019-02-26T12:03:59.000Z,54.935403,25.125003,19,34960
2019-02-26T12:04:27.000Z,54.935248,25.126365,0,35480
2019-02-26T12:04:27.000Z,54.935248,25.126365,0,35480
2019-02-26T12:04:27.000Z,54.935248,25.126365,0,35480
2019-02-26T12:04:39.000Z,54.935222,25.126948,0,35710
2019-02-26T12:04:39.000Z,54.935222,25.126948,0,35710
2019-02-26T12:04:39.000Z,54.935222,25.126948,0,35710
2019-02-26T12:04:47.000Z,54.93523,25.12734,0,35920
2019-02-26T12:04:47.000Z,54.93523,25.12734,0,35920
2019-02-26T12:04:47.000Z,54.93523,25.12734,0,35920
2019-02-26T12:05:01.000Z,54.935267,25.127928,0,170
2019-02-26T12:05:01.000Z,54.935267,25.127928,0,170
2019-02-26T12:05:01.000Z,54.935267,25.127928,0,170
2019-02-26T12:05:10.000Z,54.935302,25.12832,0,370
2019-02-26T12:05:10.000Z,54.935302,25.12832,0,370
2019-02-26T12:05:10.000Z,54.935302,25.12832,0,370
2019-02-26T12:05:19.000Z,54.93539000000001,25.128902,0,730
2019-02-26T12:05:19.000Z,54.93539000000001,25.128902,0,730
2019-02-26T12:05:19.000Z,54.93539000000001,25.128902,0,730
2019-02-26T12:05:27.000Z,54.93547,25.12932,0,880
2019-02-26T12:05:27.000Z,54.93547,25.12932,0,880
2019-02-26T12:05:27.000Z,54.93547,25.12932,0,880
2019-02-26T12:05:40.000Z,54.935587,25.12987,0,1100
2019-02-26T12:05:40.000Z,54.935587,25.12987,0,1100
2019-02-26T12:05:40.000Z,54.935587,25.12987,0,1100
2019-02-26T12:06:06.000Z,54.93591,25.131178,0,1290
2019-02-26T12:06:06.000Z,54.93591,25.131178,0,1290
2019-02-26T12:06:06.000Z,54.93591,25.131178,0,1290
2019-02-26T12:06:16.000Z,54.936037,25.1317,0,1270
2019-02-26T12:06:16.000Z,54.936037,25.1317,0,1270
2019-02-26T12:06:16.000Z,54.936037,25.1317,0,1270
2019-02-26T12:06:27.000Z,54.936117,25.132043,0,1250
2019-02-26T12:06:27.000Z,54.936117,25.132043,0,1250
2019-02-26T12:06:27.000Z,54.936117,25.132043,0,1250
2019-02-26T12:06:36.000Z,54.936253,25.13256,0,1310
2019-02-26T12:06:36.000Z,54.936253,25.13256,0,1310
2019-02-26T12:06:36.000Z,54.936253,25.13256,0,1310
2019-02-26T12:06:51.000Z,54.936335,25.132882,0,1320
2019-02-26T12:06:51.000Z,54.936335,25.132882,0,1320
2019-02-26T12:06:51.000Z,54.936335,25.132882,0,1320
2019-02-26T12:06:57.000Z,54.93646999999999,25.13338,0,1360
2019-02-26T12:06:57.000Z,54.93646999999999,25.13338,0,1360
2019-02-26T12:06:57.000Z,54.93646999999999,25.13338,0,1360
2019-02-26T12:07:06.000Z,54.93656800000001,25.13372,17,1420
2019-02-26T12:07:06.000Z,54.93656800000001,25.13372,17,1420
2019-02-26T12:07:06.000Z,54.93656800000001,25.13372,17,1420
2019-02-26T12:07:06.000Z,54.93656800000001,25.13372,17,1420
2019-02-26T12:07:06.000Z,54.93656800000001,25.13372,17,1420
2019-02-26T12:07:27.000Z,54.93680300000001,25.134522,0,1470
2019-02-26T12:07:27.000Z,54.93680300000001,25.134522,0,1470
2019-02-26T12:07:27.000Z,54.93680300000001,25.134522,0,1470
2019-02-26T12:07:39.000Z,54.93694300000001,25.135027,0,1430
2019-02-26T12:07:39.000Z,54.93694300000001,25.135027,0,1430
2019-02-26T12:07:39.000Z,54.93694300000001,25.135027,0,1430
2019-02-26T12:07:57.000Z,54.937158,25.135818,0,1340
2019-02-26T12:07:57.000Z,54.937158,25.135818,0,1340
2019-02-26T12:07:57.000Z,54.937158,25.135818,0,1340
2019-02-26T12:08:08.000Z,54.937225,25.136103,0,1300
2019-02-26T12:08:08.000Z,54.937225,25.136103,0,1300
2019-02-26T12:08:08.000Z,54.937225,25.136103,0,1300
2019-02-26T12:08:21.000Z,54.93734300000001,25.136552,0,1310
2019-02-26T12:08:21.000Z,54.93734300000001,25.136552,0,1310
2019-02-26T12:08:21.000Z,54.93734300000001,25.136552,0,1310
2019-02-26T12:08:36.000Z,54.937548,25.137295,0,1400
2019-02-26T12:08:36.000Z,54.937548,25.137295,0,1400
2019-02-26T12:08:36.000Z,54.937548,25.137295,0,1400
2019-02-26T12:08:59.000Z,54.9378,25.13802,0,1760
2019-02-26T12:08:59.000Z,54.9378,25.13802,0,1760
2019-02-26T12:08:59.000Z,54.9378,25.13802,0,1760
2019-02-26T12:09:08.000Z,54.93792,25.138303,0,1910
2019-02-26T12:09:08.000Z,54.93792,25.138303,0,1910
2019-02-26T12:09:08.000Z,54.93792,25.138303,0,1910
2019-02-26T12:09:52.000Z,54.93855,25.139685,0,2350
2019-02-26T12:09:52.000Z,54.93855,25.139685,0,2350
2019-02-26T12:09:52.000Z,54.93855,25.139685,0,2350
2019-02-26T12:09:57.000Z,54.938738,25.14009,0,2330
2019-02-26T12:09:57.000Z,54.938738,25.14009,0,2330
2019-02-26T12:09:57.000Z,54.938738,25.14009,0,2330
2019-02-26T12:10:05.000Z,54.938863,25.140362,0,2340
2019-02-26T12:10:05.000Z,54.938863,25.140362,0,2340
2019-02-26T12:10:05.000Z,54.938863,25.140362,0,2340
2019-02-26T12:10:19.000Z,54.939068000000006,25.14076,0,2420
2019-02-26T12:10:19.000Z,54.939068000000006,25.14076,0,2420
2019-02-26T12:10:19.000Z,54.939068000000006,25.14076,0,2420
2019-02-26T12:10:28.000Z,54.939212,25.141025,0,2530
2019-02-26T12:10:28.000Z,54.939212,25.141025,0,2530
2019-02-26T12:10:28.000Z,54.939212,25.141025,0,2530
2019-02-26T12:10:35.000Z,54.939415,25.14141,0,2560
2019-02-26T12:10:35.000Z,54.939415,25.14141,0,2560
2019-02-26T12:10:35.000Z,54.939415,25.14141,0,2560
2019-02-26T12:10:47.000Z,54.939567,25.141672,0,2670
2019-02-26T12:10:47.000Z,54.939567,25.141672,0,2670
2019-02-26T12:10:47.000Z,54.939567,25.141672,0,2670
2019-02-26T12:10:57.000Z,54.93975699999999,25.142087,0,2470
2019-02-26T12:10:57.000Z,54.93975699999999,25.142087,0,2470
2019-02-26T12:10:57.000Z,54.93975699999999,25.142087,0,2470
2019-02-26T12:11:06.000Z,54.93986999999999,25.142353,0,2230
2019-02-26T12:11:06.000Z,54.93986999999999,25.142353,0,2230
2019-02-26T12:11:06.000Z,54.93986999999999,25.142353,0,2230
2019-02-26T12:11:18.000Z,54.94005799999999,25.14277,0,2170
2019-02-26T12:11:18.000Z,54.94005799999999,25.14277,0,2170
2019-02-26T12:11:18.000Z,54.94005799999999,25.14277,0,2170
2019-02-26T12:11:28.000Z,54.940165,25.143028,0,2140
2019-02-26T12:11:28.000Z,54.940165,25.143028,0,2140
2019-02-26T12:11:28.000Z,54.940165,25.143028,0,2140
2019-02-26T12:11:38.000Z,54.94031800000001,25.143428,14,1940
2019-02-26T12:11:38.000Z,54.94031800000001,25.143428,14,1940
2019-02-26T12:11:38.000Z,54.94031800000001,25.143428,14,1940
2019-02-26T12:11:38.000Z,54.94031800000001,25.143428,14,1940
2019-02-26T12:11:38.000Z,54.94031800000001,25.143428,14,1940
2019-02-26T12:11:59.000Z,54.940535,25.144108,0,1620
2019-02-26T12:11:59.000Z,54.940535,25.144108,0,1620
2019-02-26T12:11:59.000Z,54.940535,25.144108,0,1620
2019-02-26T12:12:09.000Z,54.940615,25.144388,0,1510
2019-02-26T12:12:09.000Z,54.940615,25.144388,0,1510
2019-02-26T12:12:09.000Z,54.940615,25.144388,0,1510
2019-02-26T12:12:20.000Z,54.940747,25.144797,0,1460
2019-02-26T12:12:20.000Z,54.940747,25.144797,0,1460
2019-02-26T12:12:20.000Z,54.940747,25.144797,0,1460
2019-02-26T12:12:28.000Z,54.940812,25.145063,0,1380
2019-02-26T12:12:28.000Z,54.940812,25.145063,0,1380
2019-02-26T12:12:28.000Z,54.940812,25.145063,0,1380
2019-02-26T12:12:46.000Z,54.940998,25.145767000000006,0,1370
2019-02-26T12:12:46.000Z,54.940998,25.145767000000006,0,1370
2019-02-26T12:12:46.000Z,54.940998,25.145767000000006,0,1370
2019-02-26T12:12:57.000Z,54.941115,25.146182,0,1430
2019-02-26T12:12:57.000Z,54.941115,25.146182,0,1430
2019-02-26T12:12:57.000Z,54.941115,25.146182,0,1430
2019-02-26T12:13:15.000Z,54.94119499999999,25.146447,0,1450
2019-02-26T12:13:15.000Z,54.94119499999999,25.146447,0,1450
2019-02-26T12:13:15.000Z,54.94119499999999,25.146447,0,1450
2019-02-26T12:13:36.000Z,54.941538,25.147548,0,1580
2019-02-26T12:13:36.000Z,54.941538,25.147548,0,1580
2019-02-26T12:13:36.000Z,54.941538,25.147548,0,1580
2019-02-26T12:13:48.000Z,54.941625,25.147835,0,1560
2019-02-26T12:13:48.000Z,54.941625,25.147835,0,1560
2019-02-26T12:13:48.000Z,54.941625,25.147835,0,1560
2019-02-26T12:13:56.000Z,54.941745,25.148265,0,1470
2019-02-26T12:13:56.000Z,54.941745,25.148265,0,1470
2019-02-26T12:13:56.000Z,54.941745,25.148265,0,1470
2019-02-26T12:14:17.000Z,54.941923,25.148978,0,1300
2019-02-26T12:14:17.000Z,54.941923,25.148978,0,1300
2019-02-26T12:14:17.000Z,54.941923,25.148978,0,1300
2019-02-26T12:14:30.000Z,54.941987,25.149267,0,1220
2019-02-26T12:14:30.000Z,54.941987,25.149267,0,1220
2019-02-26T12:14:30.000Z,54.941987,25.149267,0,1220
2019-02-26T12:14:37.000Z,54.942087,25.149693,0,1180
2019-02-26T12:14:37.000Z,54.942087,25.149693,0,1180
2019-02-26T12:14:37.000Z,54.942087,25.149693,0,1180
2019-02-26T12:14:46.000Z,54.942157,25.149977,0,1210
2019-02-26T12:14:46.000Z,54.942157,25.149977,0,1210
2019-02-26T12:14:46.000Z,54.942157,25.149977,0,1210
2019-02-26T12:15:08.000Z,54.942382,25.150705,0,1590
2019-02-26T12:15:08.000Z,54.942382,25.150705,0,1590
2019-02-26T12:15:08.000Z,54.942382,25.150705,0,1590
2019-02-26T12:15:16.000Z,54.94251800000001,25.151157,0,1590
2019-02-26T12:15:16.000Z,54.94251800000001,25.151157,0,1590
2019-02-26T12:15:16.000Z,54.94251800000001,25.151157,0,1590
2019-02-26T12:15:28.000Z,54.942595,25.151468,0,1420
2019-02-26T12:15:28.000Z,54.942595,25.151468,0,1420
2019-02-26T12:15:28.000Z,54.942595,25.151468,0,1420
2019-02-26T12:15:48.000Z,54.94276,25.152247,0,1070
2019-02-26T12:15:48.000Z,54.94276,25.152247,0,1070
2019-02-26T12:15:48.000Z,54.94276,25.152247,0,1070
2019-02-26T12:16:01.000Z,54.942872,25.15273,0,1120
2019-02-26T12:16:01.000Z,54.942872,25.15273,0,1120
2019-02-26T12:16:01.000Z,54.942872,25.15273,0,1120
2019-02-26T12:16:14.000Z,54.942962,25.153053,0,1290
2019-02-26T12:16:14.000Z,54.942962,25.153053,0,1290
2019-02-26T12:16:14.000Z,54.942962,25.153053,0,1290
2019-02-26T12:16:27.000Z,54.943172,25.153882,0,1310
2019-02-26T12:16:27.000Z,54.943172,25.153882,0,1310
2019-02-26T12:16:27.000Z,54.943172,25.153882,0,1310
2019-02-26T12:16:38.000Z,54.943288,25.154393,0,1180
2019-02-26T12:16:38.000Z,54.943288,25.154393,0,1180
2019-02-26T12:16:38.000Z,54.943288,25.154393,0,1180
2019-02-26T12:16:49.000Z,54.94336800000001,25.154737,0,1150
2019-02-26T12:16:49.000Z,54.94336800000001,25.154737,0,1150
2019-02-26T12:16:49.000Z,54.94336800000001,25.154737,0,1150
2019-02-26T12:17:00.000Z,54.943475,25.15526,0,1080
2019-02-26T12:17:00.000Z,54.943475,25.15526,0,1080
2019-02-26T12:17:00.000Z,54.943475,25.15526,0,1080
2019-02-26T12:17:11.000Z,54.943552,25.155612,0,1090
2019-02-26T12:17:11.000Z,54.943552,25.155612,0,1090
2019-02-26T12:17:11.000Z,54.943552,25.155612,0,1090
2019-02-26T12:17:19.000Z,54.943675,25.156145,0,1150
2019-02-26T12:17:19.000Z,54.943675,25.156145,0,1150
2019-02-26T12:17:19.000Z,54.943675,25.156145,0,1150
2019-02-26T12:17:33.000Z,54.94376800000001,25.156502,0,1280
2019-02-26T12:17:33.000Z,54.94376800000001,25.156502,0,1280
2019-02-26T12:17:33.000Z,54.94376800000001,25.156502,0,1280
2019-02-26T12:17:36.000Z,54.943893,25.157043,18,1230
2019-02-26T12:17:36.000Z,54.943893,25.157043,18,1230
2019-02-26T12:17:36.000Z,54.943893,25.157043,18,1230
2019-02-26T12:17:36.000Z,54.943893,25.157043,18,1230
2019-02-26T12:17:36.000Z,54.943893,25.157043,18,1230
2019-02-26T12:18:07.000Z,54.943973,25.157407,0,1190
2019-02-26T12:18:07.000Z,54.943973,25.157407,0,1190
2019-02-26T12:18:07.000Z,54.943973,25.157407,0,1190
2019-02-26T12:18:28.000Z,54.944388,25.159270000000006,0,1180
2019-02-26T12:18:28.000Z,54.944388,25.159270000000006,0,1180
2019-02-26T12:18:28.000Z,54.944388,25.159270000000006,0,1180
2019-02-26T12:18:42.000Z,54.94452800000001,25.159822,0,1290
2019-02-26T12:18:42.000Z,54.94452800000001,25.159822,0,1290
2019-02-26T12:18:42.000Z,54.94452800000001,25.159822,0,1290
2019-02-26T12:18:48.000Z,54.94463,25.160197,0,1340
2019-02-26T12:18:48.000Z,54.94463,25.160197,0,1340
2019-02-26T12:18:48.000Z,54.94463,25.160197,0,1340
2019-02-26T12:18:57.000Z,54.94477,25.160778,0,1280
2019-02-26T12:18:57.000Z,54.94477,25.160778,0,1280
2019-02-26T12:18:57.000Z,54.94477,25.160778,0,1280
2019-02-26T12:19:13.000Z,54.944827,25.161168,0,1000
2019-02-26T12:19:13.000Z,54.944827,25.161168,0,1000
2019-02-26T12:19:13.000Z,54.944827,25.161168,0,1000
2019-02-26T12:19:38.000Z,54.945002,25.162708,0,550
2019-02-26T12:19:38.000Z,54.945002,25.162708,0,550
2019-02-26T12:19:38.000Z,54.945002,25.162708,0,550
2019-02-26T12:19:46.000Z,54.945053,25.163095,0,600
2019-02-26T12:19:46.000Z,54.945053,25.163095,0,600
2019-02-26T12:19:46.000Z,54.945053,25.163095,0,600
2019-02-26T12:20:08.000Z,54.945227,25.164265,0,770
2019-02-26T12:20:08.000Z,54.945227,25.164265,0,770
2019-02-26T12:20:08.000Z,54.945227,25.164265,0,770
2019-02-26T12:20:17.000Z,54.94530200000001,25.164668,20,910
2019-02-26T12:20:17.000Z,54.94530200000001,25.164668,20,910
2019-02-26T12:20:17.000Z,54.94530200000001,25.164668,20,910
2019-02-26T12:20:17.000Z,54.94530200000001,25.164668,20,910
2019-02-26T12:20:17.000Z,54.94530200000001,25.164668,20,910
2019-02-26T12:20:51.000Z,54.945475,25.165667000000006,0,900
2019-02-26T12:20:51.000Z,54.945475,25.165667000000006,0,900
2019-02-26T12:20:51.000Z,54.945475,25.165667000000006,0,900
2019-02-26T12:20:57.000Z,54.945545,25.166082,0,880
2019-02-26T12:20:57.000Z,54.945545,25.166082,0,880
2019-02-26T12:20:57.000Z,54.945545,25.166082,0,880
2019-02-26T12:21:03.000Z,54.94564,25.166695,0,810
2019-02-26T12:21:03.000Z,54.94564,25.166695,0,810
2019-02-26T12:21:03.000Z,54.94564,25.166695,0,810
2019-02-26T12:21:13.000Z,54.94573000000001,25.167315,0,780
2019-02-26T12:21:13.000Z,54.94573000000001,25.167315,0,780
2019-02-26T12:21:13.000Z,54.94573000000001,25.167315,0,780
2019-02-26T12:21:27.000Z,54.945872,25.16814,0,870
2019-02-26T12:21:27.000Z,54.945872,25.16814,0,870
2019-02-26T12:21:27.000Z,54.945872,25.16814,0,870
2019-02-26T12:21:49.000Z,54.946052,25.169182,0,890
2019-02-26T12:21:49.000Z,54.946052,25.169182,0,890
2019-02-26T12:21:49.000Z,54.946052,25.169182,0,890
2019-02-26T12:21:57.000Z,54.94615,25.169817,0,840
2019-02-26T12:21:57.000Z,54.94615,25.169817,0,840
2019-02-26T12:21:57.000Z,54.94615,25.169817,0,840
2019-02-26T12:22:07.000Z,54.946218,25.17044,0,720
2019-02-26T12:22:07.000Z,54.946218,25.17044,0,720
2019-02-26T12:22:07.000Z,54.946218,25.17044,0,720
2019-02-26T12:22:18.000Z,54.94626700000001,25.170862,0,600
2019-02-26T12:22:18.000Z,54.94626700000001,25.170862,0,600
2019-02-26T12:22:18.000Z,54.94626700000001,25.170862,0,600
2019-02-26T12:22:26.000Z,54.94631500000001,25.171298,0,580
2019-02-26T12:22:26.000Z,54.94631500000001,25.171298,0,580
2019-02-26T12:22:26.000Z,54.94631500000001,25.171298,0,580
2019-02-26T12:22:36.000Z,54.94638199999999,25.171955,0,540
2019-02-26T12:22:36.000Z,54.94638199999999,25.171955,0,540
2019-02-26T12:22:36.000Z,54.94638199999999,25.171955,0,540
2019-02-26T12:22:46.000Z,54.946425,25.172382,0,520
2019-02-26T12:22:46.000Z,54.946425,25.172382,0,520
2019-02-26T12:22:46.000Z,54.946425,25.172382,0,520
2019-02-26T12:22:57.000Z,54.946487,25.17301,0,510
2019-02-26T12:22:57.000Z,54.946487,25.17301,0,510
2019-02-26T12:22:57.000Z,54.946487,25.17301,0,510
2019-02-26T12:23:10.000Z,54.946552,25.173653,0,520
2019-02-26T12:23:10.000Z,54.946552,25.173653,0,520
2019-02-26T12:23:10.000Z,54.946552,25.173653,0,520
2019-02-26T12:23:19.000Z,54.9466,25.174098,0,540
2019-02-26T12:23:19.000Z,54.9466,25.174098,0,540
2019-02-26T12:23:19.000Z,54.9466,25.174098,0,540
2019-02-26T12:23:37.000Z,54.946705,25.175203,0,540
2019-02-26T12:23:37.000Z,54.946705,25.175203,0,540
2019-02-26T12:23:37.000Z,54.946705,25.175203,0,540
2019-02-26T12:23:47.000Z,54.946763,25.175617000000006,0,580
2019-02-26T12:23:47.000Z,54.946763,25.175617000000006,0,580
2019-02-26T12:23:47.000Z,54.946763,25.175617000000006,0,580
2019-02-26T12:24:14.000Z,54.946925,25.176912,0,630
2019-02-26T12:24:14.000Z,54.946925,25.176912,0,630
2019-02-26T12:24:14.000Z,54.946925,25.176912,0,630
2019-02-26T12:24:20.000Z,54.946978,25.177357,0,630
2019-02-26T12:24:20.000Z,54.946978,25.177357,0,630
2019-02-26T12:24:20.000Z,54.946978,25.177357,0,630
2019-02-26T12:24:28.000Z,54.947028,25.17781,0,620
2019-02-26T12:24:28.000Z,54.947028,25.17781,0,620
2019-02-26T12:24:28.000Z,54.947028,25.17781,0,620
2019-02-26T12:24:59.000Z,54.94726800000001,25.179607,0,690
2019-02-26T12:24:59.000Z,54.94726800000001,25.179607,0,690
2019-02-26T12:24:59.000Z,54.94726800000001,25.179607,0,690
2019-02-26T12:25:27.000Z,54.947478,25.181193,0,680
2019-02-26T12:25:27.000Z,54.947478,25.181193,0,680
2019-02-26T12:25:27.000Z,54.947478,25.181193,0,680
2019-02-26T12:25:38.000Z,54.947583,25.181875,0,740
2019-02-26T12:25:38.000Z,54.947583,25.181875,0,740
2019-02-26T12:25:38.000Z,54.947583,25.181875,0,740
2019-02-26T12:25:47.000Z,54.947645,25.182328,0,740
2019-02-26T12:25:47.000Z,54.947645,25.182328,0,740
2019-02-26T12:25:47.000Z,54.947645,25.182328,0,740
2019-02-26T12:25:57.000Z,54.947748,25.183013,0,740
2019-02-26T12:25:57.000Z,54.947748,25.183013,0,740
2019-02-26T12:25:57.000Z,54.947748,25.183013,0,740
2019-02-26T12:26:06.000Z,54.94786,25.18371,0,760
2019-02-26T12:26:06.000Z,54.94786,25.18371,0,760
2019-02-26T12:26:06.000Z,54.94786,25.18371,0,760
2019-02-26T12:26:21.000Z,54.947933,25.184168,0,840
2019-02-26T12:26:21.000Z,54.947933,25.184168,0,840
2019-02-26T12:26:21.000Z,54.947933,25.184168,0,840
2019-02-26T12:26:26.000Z,54.947992000000006,25.184632,0,770
2019-02-26T12:26:26.000Z,54.947992000000006,25.184632,0,770
2019-02-26T12:26:26.000Z,54.947992000000006,25.184632,0,770
2019-02-26T12:26:38.000Z,54.94804300000001,25.185325,0,510
2019-02-26T12:26:38.000Z,54.94804300000001,25.185325,0,510
2019-02-26T12:26:38.000Z,54.94804300000001,25.185325,0,510
2019-02-26T12:26:46.000Z,54.948067,25.18578,22,330
2019-02-26T12:26:46.000Z,54.948067,25.18578,22,330
2019-02-26T12:26:46.000Z,54.948067,25.18578,22,330
2019-02-26T12:26:46.000Z,54.948067,25.18578,22,330
2019-02-26T12:26:46.000Z,54.948067,25.18578,22,330
2019-02-26T12:27:10.000Z,54.948162,25.187163,0,340
2019-02-26T12:27:10.000Z,54.948162,25.187163,0,340
2019-02-26T12:27:10.000Z,54.948162,25.187163,0,340
2019-02-26T12:27:21.000Z,54.948193,25.187633,0,360
2019-02-26T12:27:21.000Z,54.948193,25.187633,0,360
2019-02-26T12:27:21.000Z,54.948193,25.187633,0,360
2019-02-26T12:27:40.000Z,54.948255,25.18883,0,210
2019-02-26T12:27:40.000Z,54.948255,25.18883,0,210
2019-02-26T12:27:40.000Z,54.948255,25.18883,0,210
2019-02-26T12:27:50.000Z,54.948265,25.189288,0,200
2019-02-26T12:27:50.000Z,54.948265,25.189288,0,200
2019-02-26T12:27:50.000Z,54.948265,25.189288,0,200
2019-02-26T12:28:30.000Z,54.94845,25.191635,0,430
2019-02-26T12:28:30.000Z,54.94845,25.191635,0,430
2019-02-26T12:28:30.000Z,54.94845,25.191635,0,430
2019-02-26T12:28:37.000Z,54.948513,25.19234,0,450
2019-02-26T12:28:37.000Z,54.948513,25.19234,0,450
2019-02-26T12:28:37.000Z,54.948513,25.19234,0,450
2019-02-26T12:28:45.000Z,54.948562,25.192822,0,490
2019-02-26T12:28:45.000Z,54.948562,25.192822,0,490
2019-02-26T12:28:45.000Z,54.948562,25.192822,0,490
2019-02-26T12:29:16.000Z,54.948745,25.194757,0,510
2019-02-26T12:29:16.000Z,54.948745,25.194757,0,510
2019-02-26T12:29:16.000Z,54.948745,25.194757,0,510
2019-02-26T12:29:27.000Z,54.948785,25.195243,0,450
2019-02-26T12:29:27.000Z,54.948785,25.195243,0,450
2019-02-26T12:29:27.000Z,54.948785,25.195243,0,450
2019-02-26T12:29:38.000Z,54.948838,25.195972,0,390
2019-02-26T12:29:38.000Z,54.948838,25.195972,0,390
2019-02-26T12:29:38.000Z,54.948838,25.195972,0,390
2019-02-26T12:29:51.000Z,54.948892,25.196463,0,450
2019-02-26T12:29:51.000Z,54.948892,25.196463,0,450
2019-02-26T12:29:51.000Z,54.948892,25.196463,0,450
2019-02-26T12:30:11.000Z,54.94905,25.197943,0,560
2019-02-26T12:30:11.000Z,54.94905,25.197943,0,560
2019-02-26T12:30:11.000Z,54.94905,25.197943,0,560
2019-02-26T12:30:19.000Z,54.949102,25.198438,0,550
2019-02-26T12:30:19.000Z,54.949102,25.198438,0,550
2019-02-26T12:30:19.000Z,54.949102,25.198438,0,550
2019-02-26T12:30:29.000Z,54.94914,25.198922,0,500
2019-02-26T12:30:29.000Z,54.94914,25.198922,0,500
2019-02-26T12:30:29.000Z,54.94914,25.198922,0,500
2019-02-26T12:30:48.000Z,54.949245,25.200158,0,420
2019-02-26T12:30:48.000Z,54.949245,25.200158,0,420
2019-02-26T12:30:48.000Z,54.949245,25.200158,0,420
2019-02-26T12:30:59.000Z,54.94931800000001,25.200893,0,510
2019-02-26T12:30:59.000Z,54.94931800000001,25.200893,0,510
2019-02-26T12:30:59.000Z,54.94931800000001,25.200893,0,510
2019-02-26T12:31:19.000Z,54.949468,25.202112,25,610
2019-02-26T12:31:19.000Z,54.949468,25.202112,25,610
2019-02-26T12:31:19.000Z,54.949468,25.202112,25,610
2019-02-26T12:31:19.000Z,54.949468,25.202112,25,610
2019-02-26T12:31:19.000Z,54.949468,25.202112,25,610
2019-02-26T12:31:49.000Z,54.949648,25.203868,0,520
2019-02-26T12:31:49.000Z,54.949648,25.203868,0,520
2019-02-26T12:31:49.000Z,54.949648,25.203868,0,520
2019-02-26T12:32:09.000Z,54.94981800000001,25.205375,0,580
2019-02-26T12:32:09.000Z,54.94981800000001,25.205375,0,580
2019-02-26T12:32:09.000Z,54.94981800000001,25.205375,0,580
2019-02-26T12:32:27.000Z,54.949938,25.20638,0,650
2019-02-26T12:32:27.000Z,54.949938,25.20638,0,650
2019-02-26T12:32:27.000Z,54.949938,25.20638,0,650
2019-02-26T12:32:37.000Z,54.95003199999999,25.207137,0,620
2019-02-26T12:32:37.000Z,54.95003199999999,25.207137,0,620
2019-02-26T12:32:37.000Z,54.95003199999999,25.207137,0,620
2019-02-26T12:32:49.000Z,54.950087,25.207642,0,600
2019-02-26T12:32:49.000Z,54.950087,25.207642,0,600
2019-02-26T12:32:49.000Z,54.950087,25.207642,0,600
2019-02-26T12:33:19.000Z,54.950233,25.209667,0,360
2019-02-26T12:33:19.000Z,54.950233,25.209667,0,360
2019-02-26T12:33:19.000Z,54.950233,25.209667,0,360
2019-02-26T12:33:54.000Z,54.950337,25.210933,0,400
2019-02-26T12:33:54.000Z,54.950337,25.210933,0,400
2019-02-26T12:33:54.000Z,54.950337,25.210933,0,400
2019-02-26T12:34:29.000Z,54.95059300000001,25.214002,0,420
2019-02-26T12:34:29.000Z,54.95059300000001,25.214002,0,420
2019-02-26T12:34:29.000Z,54.95059300000001,25.214002,0,420
2019-02-26T12:34:38.000Z,54.95066800000001,25.214763,0,450
2019-02-26T12:34:38.000Z,54.95066800000001,25.214763,0,450
2019-02-26T12:34:38.000Z,54.95066800000001,25.214763,0,450
2019-02-26T12:34:48.000Z,54.950708,25.215253,0,470
2019-02-26T12:34:48.000Z,54.950708,25.215253,0,470
2019-02-26T12:34:48.000Z,54.950708,25.215253,0,470
2019-02-26T12:35:01.000Z,54.95078,25.216,25,490
2019-02-26T12:35:01.000Z,54.95078,25.216,25,490
2019-02-26T12:35:01.000Z,54.95078,25.216,25,490
2019-02-26T12:35:01.000Z,54.95078,25.216,25,490
2019-02-26T12:35:01.000Z,54.95078,25.216,25,490
2019-02-26T12:35:29.000Z,54.95096700000001,25.217813,0,530
2019-02-26T12:35:29.000Z,54.95096700000001,25.217813,0,530
2019-02-26T12:35:29.000Z,54.95096700000001,25.217813,0,530
2019-02-26T12:35:38.000Z,54.951048,25.218593,0,540
2019-02-26T12:35:38.000Z,54.951048,25.218593,0,540
2019-02-26T12:35:38.000Z,54.951048,25.218593,0,540
2019-02-26T12:35:47.000Z,54.951103,25.219108,0,540
2019-02-26T12:35:47.000Z,54.951103,25.219108,0,540
2019-02-26T12:35:47.000Z,54.951103,25.219108,0,540
2019-02-26T12:35:57.000Z,54.951185,25.21988,0,550
2019-02-26T12:35:57.000Z,54.951185,25.21988,0,550
2019-02-26T12:35:57.000Z,54.951185,25.21988,0,550
2019-02-26T12:36:19.000Z,54.951327,25.221183,0,570
2019-02-26T12:36:19.000Z,54.951327,25.221183,0,570
2019-02-26T12:36:19.000Z,54.951327,25.221183,0,570
2019-02-26T12:36:29.000Z,54.95143,25.221982,0,590
2019-02-26T12:36:29.000Z,54.95143,25.221982,0,590
2019-02-26T12:36:29.000Z,54.95143,25.221982,0,590
2019-02-26T12:36:46.000Z,54.95148199999999,25.222493,0,580
2019-02-26T12:36:46.000Z,54.95148199999999,25.222493,0,580
2019-02-26T12:36:46.000Z,54.95148199999999,25.222493,0,580
2019-02-26T12:36:59.000Z,54.95163,25.223772,0,600
2019-02-26T12:36:59.000Z,54.95163,25.223772,0,600
2019-02-26T12:36:59.000Z,54.95163,25.223772,0,600
2019-02-26T12:37:08.000Z,54.95171800000001,25.224538,0,600
2019-02-26T12:37:08.000Z,54.95171800000001,25.224538,0,600
2019-02-26T12:37:08.000Z,54.95171800000001,25.224538,0,600
2019-02-26T12:37:15.000Z,54.951787,25.22505,0,630
2019-02-26T12:37:15.000Z,54.951787,25.22505,0,630
2019-02-26T12:37:15.000Z,54.951787,25.22505,0,630
2019-02-26T12:37:30.000Z,54.951888,25.225805,0,670
2019-02-26T12:37:30.000Z,54.951888,25.225805,0,670
2019-02-26T12:37:30.000Z,54.951888,25.225805,0,670
2019-02-26T12:37:42.000Z,54.95196,25.226312,0,690
2019-02-26T12:37:42.000Z,54.95196,25.226312,0,690
2019-02-26T12:37:42.000Z,54.95196,25.226312,0,690
2019-02-26T12:37:59.000Z,54.952117,25.22756,0,620
2019-02-26T12:37:59.000Z,54.952117,25.22756,0,620
2019-02-26T12:37:59.000Z,54.952117,25.22756,0,620
2019-02-26T12:38:10.000Z,54.952197,25.228323,0,590
2019-02-26T12:38:10.000Z,54.952197,25.228323,0,590
2019-02-26T12:38:10.000Z,54.952197,25.228323,0,590
2019-02-26T12:38:21.000Z,54.952247,25.228827,0,530
2019-02-26T12:38:21.000Z,54.952247,25.228827,0,530
2019-02-26T12:38:21.000Z,54.952247,25.228827,0,530
2019-02-26T12:38:29.000Z,54.952327,25.229587,0,530
2019-02-26T12:38:29.000Z,54.952327,25.229587,0,530
2019-02-26T12:38:29.000Z,54.952327,25.229587,0,530
2019-02-26T12:38:42.000Z,54.95238000000001,25.230095,0,540
2019-02-26T12:38:42.000Z,54.95238000000001,25.230095,0,540
2019-02-26T12:38:42.000Z,54.95238000000001,25.230095,0,540
2019-02-26T12:38:48.000Z,54.952433,25.2306,0,540
2019-02-26T12:38:48.000Z,54.952433,25.2306,0,540
2019-02-26T12:38:48.000Z,54.952433,25.2306,0,540
2019-02-26T12:38:58.000Z,54.952503,25.231365,0,510
2019-02-26T12:38:58.000Z,54.952503,25.231365,0,510
2019-02-26T12:38:58.000Z,54.952503,25.231365,0,510
2019-02-26T12:39:09.000Z,54.95258000000001,25.232138,0,510
2019-02-26T12:39:09.000Z,54.95258000000001,25.232138,0,510
2019-02-26T12:39:09.000Z,54.95258000000001,25.232138,0,510
2019-02-26T12:39:27.000Z,54.95271999999999,25.23341,0,550
2019-02-26T12:39:27.000Z,54.95271999999999,25.23341,0,550
2019-02-26T12:39:27.000Z,54.95271999999999,25.23341,0,550
2019-02-26T12:39:38.000Z,54.952787,25.233915,25,640
2019-02-26T12:39:38.000Z,54.952787,25.233915,25,640
2019-02-26T12:39:38.000Z,54.952787,25.233915,25,640
2019-02-26T12:39:38.000Z,54.952787,25.233915,25,640
2019-02-26T12:39:38.000Z,54.952787,25.233915,25,640
2019-02-26T12:39:59.000Z,54.952962,25.235183,0,700
2019-02-26T12:39:59.000Z,54.952962,25.235183,0,700
2019-02-26T12:39:59.000Z,54.952962,25.235183,0,700
2019-02-26T12:40:06.000Z,54.953033,25.235695,0,690
2019-02-26T12:40:06.000Z,54.953033,25.235695,0,690
2019-02-26T12:40:06.000Z,54.953033,25.235695,0,690
2019-02-26T12:40:14.000Z,54.953137,25.236433,0,690
2019-02-26T12:40:14.000Z,54.953137,25.236433,0,690
2019-02-26T12:40:14.000Z,54.953137,25.236433,0,690
2019-02-26T12:40:32.000Z,54.953208,25.236948,0,710
2019-02-26T12:40:32.000Z,54.953208,25.236948,0,710
2019-02-26T12:40:32.000Z,54.953208,25.236948,0,710
2019-02-26T12:40:57.000Z,54.953493,25.23901,0,730
2019-02-26T12:40:57.000Z,54.953493,25.23901,0,730
2019-02-26T12:40:57.000Z,54.953493,25.23901,0,730
2019-02-26T12:41:09.000Z,54.953572,25.23952,0,760
2019-02-26T12:41:09.000Z,54.953572,25.23952,0,760
2019-02-26T12:41:09.000Z,54.953572,25.23952,0,760
2019-02-26T12:41:26.000Z,54.953773,25.24079,0,820
2019-02-26T12:41:26.000Z,54.953773,25.24079,0,820
2019-02-26T12:41:26.000Z,54.953773,25.24079,0,820
2019-02-26T12:41:41.000Z,54.953908,25.241548,0,880
2019-02-26T12:41:41.000Z,54.953908,25.241548,0,880
2019-02-26T12:41:41.000Z,54.953908,25.241548,0,880
2019-02-26T12:41:51.000Z,54.95404300000001,25.242297,0,890
2019-02-26T12:41:51.000Z,54.95404300000001,25.242297,0,890
2019-02-26T12:41:51.000Z,54.95404300000001,25.242297,0,890
2019-02-26T12:41:58.000Z,54.954127,25.242798,0,870
2019-02-26T12:41:58.000Z,54.954127,25.242798,0,870
2019-02-26T12:41:58.000Z,54.954127,25.242798,0,870
2019-02-26T12:42:29.000Z,54.954413,25.244567,0,840
2019-02-26T12:42:29.000Z,54.954413,25.244567,0,840
2019-02-26T12:42:29.000Z,54.954413,25.244567,0,840
2019-02-26T12:42:38.000Z,54.954533,25.245328,0,830
2019-02-26T12:42:38.000Z,54.954533,25.245328,0,830
2019-02-26T12:42:38.000Z,54.954533,25.245328,0,830
2019-02-26T12:43:06.000Z,54.954738,25.246592,0,810
2019-02-26T12:43:06.000Z,54.954738,25.246592,0,810
2019-02-26T12:43:06.000Z,54.954738,25.246592,0,810
2019-02-26T12:43:19.000Z,54.954938,25.247845,25,790
2019-02-26T12:43:19.000Z,54.954938,25.247845,25,790
2019-02-26T12:43:19.000Z,54.954938,25.247845,25,790
2019-02-26T12:43:19.000Z,54.954938,25.247845,25,790
2019-02-26T12:43:19.000Z,54.954938,25.247845,25,790
2019-02-26T12:43:36.000Z,54.95514,25.2491,0,780
2019-02-26T12:43:36.000Z,54.95514,25.2491,0,780
2019-02-26T12:43:36.000Z,54.95514,25.2491,0,780
2019-02-26T12:43:57.000Z,54.955337,25.250352,0,770
2019-02-26T12:43:57.000Z,54.955337,25.250352,0,770
2019-02-26T12:43:57.000Z,54.955337,25.250352,0,770
2019-02-26T12:44:07.000Z,54.955408,25.250858,0,760
2019-02-26T12:44:07.000Z,54.955408,25.250858,0,760
2019-02-26T12:44:07.000Z,54.955408,25.250858,0,760
2019-02-26T12:44:17.000Z,54.955522,25.251618,0,770
2019-02-26T12:44:17.000Z,54.955522,25.251618,0,770
2019-02-26T12:44:17.000Z,54.955522,25.251618,0,770
2019-02-26T12:44:26.000Z,54.955598,25.252122,0,800
2019-02-26T12:44:26.000Z,54.955598,25.252122,0,800
2019-02-26T12:44:26.000Z,54.955598,25.252122,0,800
2019-02-26T12:44:38.000Z,54.955728,25.252877,0,870
2019-02-26T12:44:38.000Z,54.955728,25.252877,0,870
2019-02-26T12:44:38.000Z,54.955728,25.252877,0,870
2019-02-26T12:44:52.000Z,54.955852,25.253632,0,890
2019-02-26T12:44:52.000Z,54.955852,25.253632,0,890
2019-02-26T12:44:52.000Z,54.955852,25.253632,0,890
2019-02-26T12:45:02.000Z,54.955937,25.254137,0,860
2019-02-26T12:45:02.000Z,54.955937,25.254137,0,860
2019-02-26T12:45:02.000Z,54.955937,25.254137,0,860
2019-02-26T12:45:07.000Z,54.956015,25.25464,0,840
2019-02-26T12:45:07.000Z,54.956015,25.25464,0,840
2019-02-26T12:45:07.000Z,54.956015,25.25464,0,840
2019-02-26T12:45:17.000Z,54.956138,25.255397,0,840
2019-02-26T12:45:17.000Z,54.956138,25.255397,0,840
2019-02-26T12:45:17.000Z,54.956138,25.255397,0,840
2019-02-26T12:45:37.000Z,54.956327,25.256653,0,800
2019-02-26T12:45:37.000Z,54.956327,25.256653,0,800
2019-02-26T12:45:37.000Z,54.956327,25.256653,0,800
2019-02-26T12:45:52.000Z,54.956403,25.257158,0,790
2019-02-26T12:45:52.000Z,54.956403,25.257158,0,790
2019-02-26T12:45:52.000Z,54.956403,25.257158,0,790
2019-02-26T12:46:08.000Z,54.956602,25.258427,0,810
2019-02-26T12:46:08.000Z,54.956602,25.258427,0,810
2019-02-26T12:46:08.000Z,54.956602,25.258427,0,810
2019-02-26T12:46:17.000Z,54.95671700000001,25.259172,0,790
2019-02-26T12:46:17.000Z,54.95671700000001,25.259172,0,790
2019-02-26T12:46:17.000Z,54.95671700000001,25.259172,0,790
2019-02-26T12:46:38.000Z,54.95679200000001,25.259683,0,770
2019-02-26T12:46:38.000Z,54.95679200000001,25.259683,0,770
2019-02-26T12:46:38.000Z,54.95679200000001,25.259683,0,770
2019-02-26T12:47:01.000Z,54.956987,25.260967,0,800
2019-02-26T12:47:01.000Z,54.956987,25.260967,0,800
2019-02-26T12:47:01.000Z,54.956987,25.260967,0,800
2019-02-26T12:47:26.000Z,54.95732,25.26299,0,850
2019-02-26T12:47:26.000Z,54.95732,25.26299,0,850
2019-02-26T12:47:26.000Z,54.95732,25.26299,0,850
2019-02-26T12:47:43.000Z,54.957525,25.264262,25,830
2019-02-26T12:47:43.000Z,54.957525,25.264262,25,830
2019-02-26T12:47:43.000Z,54.957525,25.264262,25,830
2019-02-26T12:47:43.000Z,54.957525,25.264262,25,830
2019-02-26T12:47:43.000Z,54.957525,25.264262,25,830
2019-02-26T12:47:57.000Z,54.957712,25.26553,0,790
2019-02-26T12:47:57.000Z,54.957712,25.26553,0,790
2019-02-26T12:47:57.000Z,54.957712,25.26553,0,790
2019-02-26T12:48:07.000Z,54.957795,25.266038,0,810
2019-02-26T12:48:07.000Z,54.957795,25.266038,0,810
2019-02-26T12:48:07.000Z,54.957795,25.266038,0,810
2019-02-26T12:48:28.000Z,54.95800300000001,25.26732,0,820
2019-02-26T12:48:28.000Z,54.95800300000001,25.26732,0,820
2019-02-26T12:48:28.000Z,54.95800300000001,25.26732,0,820
2019-02-26T12:48:47.000Z,54.958198,25.268583,0,810
2019-02-26T12:48:47.000Z,54.958198,25.268583,0,810
2019-02-26T12:48:47.000Z,54.958198,25.268583,0,810
2019-02-26T12:48:59.000Z,54.95831,25.26934,0,800
2019-02-26T12:48:59.000Z,54.95831,25.26934,0,800
2019-02-26T12:48:59.000Z,54.95831,25.26934,0,800
2019-02-26T12:49:05.000Z,54.95838000000001,25.269855,0,770
2019-02-26T12:49:05.000Z,54.95838000000001,25.269855,0,770
2019-02-26T12:49:05.000Z,54.95838000000001,25.269855,0,770
2019-02-26T12:49:16.000Z,54.95849200000001,25.270613,0,750
2019-02-26T12:49:16.000Z,54.95849200000001,25.270613,0,750
2019-02-26T12:49:16.000Z,54.95849200000001,25.270613,0,750
2019-02-26T12:49:48.000Z,54.95875699999999,25.272382,0,760
2019-02-26T12:49:48.000Z,54.95875699999999,25.272382,0,760
2019-02-26T12:49:48.000Z,54.95875699999999,25.272382,0,760
2019-02-26T12:50:07.000Z,54.958972,25.273667,25,820
2019-02-26T12:50:07.000Z,54.958972,25.273667,25,820
2019-02-26T12:50:07.000Z,54.958972,25.273667,25,820
2019-02-26T12:50:07.000Z,54.958972,25.273667,25,820
2019-02-26T12:50:07.000Z,54.958972,25.273667,25,820
2019-02-26T12:50:40.000Z,54.959337,25.27572,0,930
2019-02-26T12:50:40.000Z,54.959337,25.27572,0,930
2019-02-26T12:50:40.000Z,54.959337,25.27572,0,930
2019-02-26T12:50:48.000Z,54.959478,25.276485,0,950
2019-02-26T12:50:48.000Z,54.959478,25.276485,0,950
2019-02-26T12:50:48.000Z,54.959478,25.276485,0,950
2019-02-26T12:51:04.000Z,54.959578,25.276995,0,980
2019-02-26T12:51:04.000Z,54.959578,25.276995,0,980
2019-02-26T12:51:04.000Z,54.959578,25.276995,0,980
2019-02-26T12:51:11.000Z,54.959677,25.277505,0,1010
2019-02-26T12:51:11.000Z,54.959677,25.277505,0,1010
2019-02-26T12:51:11.000Z,54.959677,25.277505,0,1010
2019-02-26T12:51:16.000Z,54.959727,25.277763,0,1010
2019-02-26T12:51:16.000Z,54.959727,25.277763,0,1010
2019-02-26T12:51:16.000Z,54.959727,25.277763,0,1010
2019-02-26T12:51:24.000Z,54.959877,25.278527,0,1020
2019-02-26T12:51:24.000Z,54.959877,25.278527,0,1020
2019-02-26T12:51:24.000Z,54.959877,25.278527,0,1020
2019-02-26T12:51:28.000Z,54.959925,25.278782,0,1020
2019-02-26T12:51:28.000Z,54.959925,25.278782,0,1020
2019-02-26T12:51:28.000Z,54.959925,25.278782,0,1020
2019-02-26T12:51:35.000Z,54.96001500000001,25.279282,0,1000
2019-02-26T12:51:35.000Z,54.96001500000001,25.279282,0,1000
2019-02-26T12:51:35.000Z,54.96001500000001,25.279282,0,1000
2019-02-26T12:51:43.000Z,54.960107,25.279782,0,1000
2019-02-26T12:51:43.000Z,54.960107,25.279782,0,1000
2019-02-26T12:51:43.000Z,54.960107,25.279782,0,1000
2019-02-26T12:51:50.000Z,54.960187,25.280293,0,990
2019-02-26T12:51:50.000Z,54.960187,25.280293,0,990
2019-02-26T12:51:50.000Z,54.960187,25.280293,0,990
2019-02-26T12:51:57.000Z,54.960247,25.280543,0,970
2019-02-26T12:51:57.000Z,54.960247,25.280543,0,970
2019-02-26T12:51:57.000Z,54.960247,25.280543,0,970
2019-02-26T12:52:02.000Z,54.960302,25.2808,0,970
2019-02-26T12:52:02.000Z,54.960302,25.2808,0,970
2019-02-26T12:52:02.000Z,54.960302,25.2808,0,970
2019-02-26T12:52:08.000Z,54.960373,25.28128,0,970
2019-02-26T12:52:08.000Z,54.960373,25.28128,0,970
2019-02-26T12:52:08.000Z,54.960373,25.28128,0,970
2019-02-26T12:52:13.000Z,54.96044200000001,25.281557,0,970
2019-02-26T12:52:13.000Z,54.96044200000001,25.281557,0,970
2019-02-26T12:52:13.000Z,54.96044200000001,25.281557,0,970
2019-02-26T12:52:20.000Z,54.96052,25.282068,0,910
2019-02-26T12:52:20.000Z,54.96052,25.282068,0,910
2019-02-26T12:52:20.000Z,54.96052,25.282068,0,910
2019-02-26T12:52:30.000Z,54.960552,25.282327,0,880
2019-02-26T12:52:30.000Z,54.960552,25.282327,0,880
2019-02-26T12:52:30.000Z,54.960552,25.282327,0,880
2019-02-26T12:52:58.000Z,54.96086,25.284323,0,780
2019-02-26T12:52:58.000Z,54.96086,25.284323,0,780
2019-02-26T12:52:58.000Z,54.96086,25.284323,0,780
2019-02-26T12:53:15.000Z,54.96100799999999,25.285333,0,750
2019-02-26T12:53:15.000Z,54.96100799999999,25.285333,0,750
2019-02-26T12:53:15.000Z,54.96100799999999,25.285333,0,750
2019-02-26T12:53:25.000Z,54.961118000000006,25.28609,0,740
2019-02-26T12:53:25.000Z,54.961118000000006,25.28609,0,740
2019-02-26T12:53:25.000Z,54.961118000000006,25.28609,0,740
2019-02-26T12:53:31.000Z,54.961198,25.286602,0,770
2019-02-26T12:53:31.000Z,54.961198,25.286602,0,770
2019-02-26T12:53:31.000Z,54.961198,25.286602,0,770
2019-02-26T12:53:36.000Z,54.96123299999999,25.286853,0,760
2019-02-26T12:53:36.000Z,54.96123299999999,25.286853,0,760
2019-02-26T12:53:36.000Z,54.96123299999999,25.286853,0,760
2019-02-26T12:53:45.000Z,54.96131999999999,25.287357,0,790
2019-02-26T12:53:45.000Z,54.96131999999999,25.287357,0,790
2019-02-26T12:53:45.000Z,54.96131999999999,25.287357,0,790
2019-02-26T12:53:50.000Z,54.961392,25.287865,0,810
2019-02-26T12:53:50.000Z,54.961392,25.287865,0,810
2019-02-26T12:53:50.000Z,54.961392,25.287865,0,810
2019-02-26T12:53:59.000Z,54.961472,25.288373,0,780
2019-02-26T12:53:59.000Z,54.961472,25.288373,0,780
2019-02-26T12:53:59.000Z,54.961472,25.288373,0,780
2019-02-26T12:54:06.000Z,54.961547,25.288875,0,810
2019-02-26T12:54:06.000Z,54.961547,25.288875,0,810
2019-02-26T12:54:06.000Z,54.961547,25.288875,0,810
2019-02-26T12:54:12.000Z,54.96158000000001,25.289133,0,790
2019-02-26T12:54:12.000Z,54.96158000000001,25.289133,0,790
2019-02-26T12:54:12.000Z,54.96158000000001,25.289133,0,790
2019-02-26T12:54:21.000Z,54.961662,25.289645,0,810
2019-02-26T12:54:21.000Z,54.961662,25.289645,0,810
2019-02-26T12:54:21.000Z,54.961662,25.289645,0,810
2019-02-26T12:54:30.000Z,54.961792,25.290405,0,850
2019-02-26T12:54:30.000Z,54.961792,25.290405,0,850
2019-02-26T12:54:30.000Z,54.961792,25.290405,0,850
2019-02-26T12:54:35.000Z,54.961843,25.29065,0,850
2019-02-26T12:54:35.000Z,54.961843,25.29065,0,850
2019-02-26T12:54:35.000Z,54.961843,25.29065,0,850
2019-02-26T12:54:40.000Z,54.96194000000001,25.29115,0,880
2019-02-26T12:54:40.000Z,54.96194000000001,25.29115,0,880
2019-02-26T12:54:40.000Z,54.96194000000001,25.29115,0,880
2019-02-26T12:54:48.000Z,54.962013,25.291662,0,880
2019-02-26T12:54:48.000Z,54.962013,25.291662,0,880
2019-02-26T12:54:48.000Z,54.962013,25.291662,0,880
2019-02-26T12:55:01.000Z,54.9621,25.292172,0,840
2019-02-26T12:55:01.000Z,54.9621,25.292172,0,840
2019-02-26T12:55:01.000Z,54.9621,25.292172,0,840
2019-02-26T12:55:17.000Z,54.96230799999999,25.293435,0,810
2019-02-26T12:55:17.000Z,54.96230799999999,25.293435,0,810
2019-02-26T12:55:17.000Z,54.96230799999999,25.293435,0,810
2019-02-26T12:55:21.000Z,54.962348,25.293688,0,800
2019-02-26T12:55:21.000Z,54.962348,25.293688,0,800
2019-02-26T12:55:21.000Z,54.962348,25.293688,0,800
2019-02-26T12:55:30.000Z,54.962412,25.294202,0,770
2019-02-26T12:55:30.000Z,54.962412,25.294202,0,770
2019-02-26T12:55:30.000Z,54.962412,25.294202,0,770
2019-02-26T12:55:41.000Z,54.96250500000001,25.294965,0,730
2019-02-26T12:55:41.000Z,54.96250500000001,25.294965,0,730
2019-02-26T12:55:41.000Z,54.96250500000001,25.294965,0,730
2019-02-26T12:55:52.000Z,54.96259000000001,25.295467,0,760
2019-02-26T12:55:52.000Z,54.96259000000001,25.295467,0,760
2019-02-26T12:55:52.000Z,54.96259000000001,25.295467,0,760
2019-02-26T12:56:11.000Z,54.962788,25.296728,0,810
2019-02-26T12:56:11.000Z,54.962788,25.296728,0,810
2019-02-26T12:56:11.000Z,54.962788,25.296728,0,810
2019-02-26T12:56:23.000Z,54.962915,25.29748,0,790
