timestamp,longitude,latitude,speed,direction
2019-06-13T13:30:48.000Z,47.941927,30.045897,0,17300
2019-06-13T13:30:48.000Z,47.941927,30.045897,0,17300
2019-06-13T13:44:21.000Z,47.941933,30.04587,0,17140
2019-06-13T13:44:21.000Z,47.941933,30.04587,0,17140
2019-06-13T13:57:46.000Z,47.941917,30.04591,0,14450
2019-06-13T13:57:46.000Z,47.941917,30.04591,0,14450
2019-06-13T14:09:47.000Z,47.94195300000001,30.045883,0,15710
2019-06-13T14:09:47.000Z,47.94195300000001,30.045883,0,15710
2019-06-13T14:21:47.000Z,47.941922,30.045882,0,15780
2019-06-13T14:21:47.000Z,47.941922,30.045882,0,15780
2019-06-13T14:30:47.000Z,47.941922,30.045887,0,16420
2019-06-13T14:30:47.000Z,47.941922,30.045887,0,16420
2019-06-13T14:36:47.000Z,47.941915,30.045885,0,15270
2019-06-13T14:36:47.000Z,47.941915,30.045885,0,15270
2019-06-13T14:42:46.000Z,47.941918,30.045883,0,14660
2019-06-13T14:42:46.000Z,47.941918,30.045883,0,14660
2019-06-13T14:51:47.000Z,47.94192,30.045908,0,14180
2019-06-13T14:51:47.000Z,47.94192,30.045908,0,14180
2019-06-13T14:57:46.000Z,47.941937,30.045882,0,15610
2019-06-13T14:57:46.000Z,47.941937,30.045882,0,15610
2019-06-13T15:03:47.000Z,47.941922,30.045882,0,14800
2019-06-13T15:03:47.000Z,47.941922,30.045882,0,14800
2019-06-13T15:12:47.000Z,47.941913,30.045898,0,16110
2019-06-13T15:12:47.000Z,47.941913,30.045898,0,16110
2019-06-13T15:18:47.000Z,47.941903,30.045888,0,16390
2019-06-13T15:18:47.000Z,47.941903,30.045888,0,16390
2019-06-13T15:24:47.000Z,47.941912,30.045862,0,15510
2019-06-13T15:24:47.000Z,47.941912,30.045862,0,15510
2019-06-13T15:30:47.000Z,47.941893,30.045857,0,15190
2019-06-13T15:30:47.000Z,47.941893,30.045857,0,15190
2019-06-13T15:39:47.000Z,47.9419,30.045863,0,15440
2019-06-13T15:39:47.000Z,47.9419,30.045863,0,15440
2019-06-13T15:45:46.000Z,47.94192,30.04586,0,16080
2019-06-13T15:45:46.000Z,47.94192,30.04586,0,16080
2019-06-13T15:53:30.000Z,47.9419,30.045877,0,14870
2019-06-13T15:53:30.000Z,47.9419,30.045877,0,14870
2019-06-13T15:59:19.000Z,47.94188,30.045877,0,13640
2019-06-13T15:59:19.000Z,47.94188,30.045877,0,13640
2019-06-13T16:05:23.000Z,47.941918,30.045865000000006,0,12070
2019-06-13T16:05:23.000Z,47.941918,30.045865000000006,0,12070
2019-06-13T16:15:47.000Z,47.941893,30.045852000000004,0,13380
2019-06-13T16:15:47.000Z,47.941893,30.045852000000004,0,13380
2019-06-13T16:23:21.000Z,47.94191,30.045868,0,13380
2019-06-13T16:23:21.000Z,47.94191,30.045868,0,13380
2019-06-13T16:35:20.000Z,47.941895,30.045848,0,13380
2019-06-13T16:35:20.000Z,47.941895,30.045848,0,13380
2019-06-13T16:42:48.000Z,47.941928,30.045868,0,10840
2019-06-13T16:42:48.000Z,47.941928,30.045868,0,10840
2019-06-13T16:59:22.000Z,47.941923,30.04586,0,11220
2019-06-13T16:59:22.000Z,47.941923,30.04586,0,11220
2019-06-13T17:12:47.000Z,47.941903,30.045862,0,10200
2019-06-13T17:12:47.000Z,47.941903,30.045862,0,10200
2019-06-13T17:27:46.000Z,47.941902,30.045872,0,10730
2019-06-13T17:27:46.000Z,47.941902,30.045872,0,10730
2019-06-13T17:39:47.000Z,47.941903,30.045872,0,10870
2019-06-13T17:39:47.000Z,47.941903,30.045872,0,10870
2019-06-13T17:45:46.000Z,47.94192,30.045878,0,10440
2019-06-13T17:45:46.000Z,47.94192,30.045878,0,10440
2019-06-13T17:56:21.000Z,47.94190800000001,30.045867,0,9590
2019-06-13T17:56:21.000Z,47.94190800000001,30.045867,0,9590
2019-06-13T18:06:46.000Z,47.941913,30.04587,0,10080
2019-06-13T18:06:46.000Z,47.941913,30.04587,0,10080
2019-06-13T18:12:46.000Z,47.941898,30.045877,0,14660
2019-06-13T18:12:46.000Z,47.941898,30.045877,0,14660
2019-06-13T18:24:46.000Z,47.941895,30.045865000000006,0,14660
2019-06-13T18:24:46.000Z,47.941895,30.045865000000006,0,14660
2019-06-13T18:30:47.000Z,47.941883,30.045852000000004,0,14660
2019-06-13T18:30:47.000Z,47.941883,30.045852000000004,0,14660
2019-06-13T18:39:45.000Z,47.9419,30.04585,0,14660
2019-06-13T18:39:45.000Z,47.9419,30.04585,0,14660
2019-06-13T18:45:47.000Z,47.94187700000001,30.045847,0,14660
2019-06-13T18:45:47.000Z,47.94187700000001,30.045847,0,14660
2019-06-13T18:51:47.000Z,47.941895,30.045858000000006,0,14660
2019-06-13T18:51:47.000Z,47.941895,30.045858000000006,0,14660
2019-06-13T19:00:47.000Z,47.941867,30.045852000000004,0,17320
2019-06-13T19:00:47.000Z,47.941867,30.045852000000004,0,17320
2019-06-13T19:15:47.000Z,47.942147,30.045973,0,5880
2019-06-13T19:15:47.000Z,47.942147,30.045973,0,5880
2019-06-13T19:18:47.000Z,47.94233300000001,30.046575,3,33610
2019-06-13T19:18:47.000Z,47.94233300000001,30.046575,3,33610
2019-06-13T19:19:38.000Z,47.941932,30.047190000000004,7,32880
2019-06-13T19:19:38.000Z,47.941932,30.047190000000004,7,32880
2019-06-13T19:20:17.000Z,47.941375,30.047902,9,32680
2019-06-13T19:20:17.000Z,47.941375,30.047902,9,32680
2019-06-13T19:21:07.000Z,47.940543,30.048992,10,32590
2019-06-13T19:21:07.000Z,47.940543,30.048992,10,32590
2019-06-13T19:22:07.000Z,47.939518,30.050355,10,32790
2019-06-13T19:22:07.000Z,47.939518,30.050355,10,32790
2019-06-13T19:23:17.000Z,47.938435,30.051827000000007,9,32700
2019-06-13T19:23:17.000Z,47.938435,30.051827000000007,9,32700
2019-06-13T19:24:27.000Z,47.937445,30.053203000000003,8,32930
2019-06-13T19:24:27.000Z,47.937445,30.053203000000003,8,32930
2019-06-13T19:25:08.000Z,47.93697,30.053913,8,32940
2019-06-13T19:25:08.000Z,47.93697,30.053913,8,32940
2019-06-13T19:26:08.000Z,47.936267,30.054977,7,32860
2019-06-13T19:26:08.000Z,47.936267,30.054977,7,32860
2019-06-13T19:27:16.000Z,47.93541,30.056082,8,33450
2019-06-13T19:27:16.000Z,47.93541,30.056082,8,33450
2019-06-13T19:28:08.000Z,47.934895,30.057028000000006,7,33370
2019-06-13T19:28:08.000Z,47.934895,30.057028000000006,7,33370
2019-06-13T19:29:08.000Z,47.9343,30.057972,6,33010
2019-06-13T19:29:08.000Z,47.9343,30.057972,6,33010
2019-06-13T19:30:17.000Z,47.93366500000001,30.058975,6,33200
2019-06-13T19:30:17.000Z,47.93366500000001,30.058975,6,33200
2019-06-13T19:31:08.000Z,47.933207,30.059653000000004,5,33420
2019-06-13T19:31:08.000Z,47.933207,30.059653000000004,5,33420
2019-06-13T19:32:08.000Z,47.932917,30.06019,2,33050
2019-06-13T19:32:08.000Z,47.932917,30.06019,2,33050
2019-06-13T19:33:58.000Z,47.932965,30.060438,1,7360
2019-06-13T19:33:58.000Z,47.932965,30.060438,1,7360
2019-06-13T19:35:08.000Z,47.93331,30.060498,2,7850
2019-06-13T19:35:08.000Z,47.93331,30.060498,2,7850
2019-06-13T19:36:27.000Z,47.933737,30.060703000000004,2,5250
2019-06-13T19:36:27.000Z,47.933737,30.060703000000004,2,5250
2019-06-13T19:37:46.000Z,47.934105,30.060932,1,5750
2019-06-13T19:37:46.000Z,47.934105,30.060932,1,5750
2019-06-13T19:39:06.000Z,47.93425300000001,30.061133,0,2560
2019-06-13T19:39:06.000Z,47.93425300000001,30.061133,0,2560
2019-06-13T19:40:56.000Z,47.934417,30.061233,0,7560
2019-06-13T19:40:56.000Z,47.934417,30.061233,0,7560
2019-06-13T19:42:56.000Z,47.934538,30.061378,0,35890
2019-06-13T19:42:56.000Z,47.934538,30.061378,0,35890
2019-06-13T19:55:46.000Z,47.93447000000001,30.061457,0,27430
2019-06-13T19:55:46.000Z,47.93447000000001,30.061457,0,27430
2019-06-13T20:01:16.000Z,47.93445,30.06145,0,26320
2019-06-13T20:01:16.000Z,47.93445,30.06145,0,26320
2019-06-13T20:10:01.000Z,47.934457,30.061473,0,26560
2019-06-13T20:10:01.000Z,47.934457,30.061473,0,26560
2019-06-13T20:25:00.000Z,47.93448,30.061467,0,26540
2019-06-13T20:25:00.000Z,47.93448,30.061467,0,26540
2019-06-13T20:31:01.000Z,47.934465,30.061465,0,26940
2019-06-13T20:31:01.000Z,47.934465,30.061465,0,26940
2019-06-13T20:43:00.000Z,47.93447000000001,30.061448,0,33360
2019-06-13T20:43:00.000Z,47.93447000000001,30.061448,0,33360
2019-06-13T20:57:59.000Z,47.934463,30.061438,0,35800
2019-06-13T20:57:59.000Z,47.934463,30.061438,0,35800
2019-06-13T21:04:00.000Z,47.93446,30.061475,0,910
2019-06-13T21:04:00.000Z,47.93446,30.061475,0,910
2019-06-13T21:10:00.000Z,47.93448,30.061447,0,960
2019-06-13T21:10:00.000Z,47.93448,30.061447,0,960
2019-06-13T21:22:00.000Z,47.934477,30.061425,0,34540
2019-06-13T21:22:00.000Z,47.934477,30.061425,0,34540
2019-06-13T21:37:00.000Z,47.934467,30.061453000000004,0,32630
2019-06-13T21:37:00.000Z,47.934467,30.061453000000004,0,32630
2019-06-13T21:43:00.000Z,47.934487,30.061442,0,34870
2019-06-13T21:43:00.000Z,47.934487,30.061442,0,34870
2019-06-13T21:49:00.000Z,47.934468,30.061442,0,29690
2019-06-13T21:49:00.000Z,47.934468,30.061442,0,29690
2019-06-13T21:57:59.000Z,47.93447800000001,30.061463,0,740
2019-06-13T21:57:59.000Z,47.93447800000001,30.061463,0,740
2019-06-13T22:07:00.000Z,47.93446,30.061425,0,30260
2019-06-13T22:07:00.000Z,47.93446,30.061425,0,30260
2019-06-13T22:20:33.000Z,47.934462,30.061445000000006,0,32010
2019-06-13T22:20:33.000Z,47.934462,30.061445000000006,0,32010
2019-06-13T22:34:00.000Z,47.934455,30.06141,0,32280
2019-06-13T22:34:00.000Z,47.934455,30.06141,0,32280
2019-06-13T22:42:59.000Z,47.934473,30.061432,0,32180
2019-06-13T22:42:59.000Z,47.934473,30.061432,0,32180
2019-06-13T22:49:00.000Z,47.93448,30.061432,0,32140
2019-06-13T22:49:00.000Z,47.93448,30.061432,0,32140
2019-06-13T22:55:01.000Z,47.934473,30.06145,0,31630
2019-06-13T22:55:01.000Z,47.934473,30.06145,0,31630
2019-06-13T23:03:59.000Z,47.934463,30.061448,0,32760
2019-06-13T23:03:59.000Z,47.934463,30.061448,0,32760
2019-06-13T23:10:00.000Z,47.934497,30.06142,0,31460
2019-06-13T23:10:00.000Z,47.934497,30.06142,0,31460
2019-06-13T23:18:59.000Z,47.9345,30.061418,0,32000
2019-06-13T23:18:59.000Z,47.9345,30.061418,0,32000
2019-06-13T23:30:59.000Z,47.934467,30.061413,0,31760
2019-06-13T23:30:59.000Z,47.934467,30.061413,0,31760
2019-06-13T23:36:59.000Z,47.93449,30.061427,0,32590
2019-06-13T23:36:59.000Z,47.93449,30.061427,0,32590
2019-06-13T23:46:01.000Z,47.934498,30.061427,0,30350
2019-06-13T23:46:01.000Z,47.934498,30.061427,0,30350
2019-06-14T00:01:00.000Z,47.934492,30.061427,0,31320
2019-06-14T00:01:00.000Z,47.934492,30.061427,0,31320
2019-06-14T00:09:59.000Z,47.934485,30.061435,0,31410
2019-06-14T00:09:59.000Z,47.934485,30.061435,0,31410
2019-06-14T00:16:00.000Z,47.934483,30.061452000000006,0,32230
2019-06-14T00:16:00.000Z,47.934483,30.061452000000006,0,32230
2019-06-14T00:28:00.000Z,47.934468,30.061452000000006,0,30850
2019-06-14T00:28:00.000Z,47.934468,30.061452000000006,0,30850
2019-06-14T00:37:00.000Z,47.934462,30.061453000000004,0,32160
2019-06-14T00:37:00.000Z,47.934462,30.061453000000004,0,32160
2019-06-14T00:43:00.000Z,47.934452,30.06144,0,32010
2019-06-14T00:43:00.000Z,47.934452,30.06144,0,32010
2019-06-14T00:51:59.000Z,47.934505,30.061398,0,33230
2019-06-14T00:51:59.000Z,47.934505,30.061398,0,33230
2019-06-14T00:58:00.000Z,47.934448,30.061423,0,34400
2019-06-14T00:58:00.000Z,47.934448,30.061423,0,34400
2019-06-14T01:07:00.000Z,47.934422,30.061433,0,33990
2019-06-14T01:07:00.000Z,47.934422,30.061433,0,33990
2019-06-14T01:24:59.000Z,47.934455,30.061402,0,35470
2019-06-14T01:24:59.000Z,47.934455,30.061402,0,35470
2019-06-14T01:39:59.000Z,47.93448,30.061455,0,35500
2019-06-14T01:39:59.000Z,47.93448,30.061455,0,35500
2019-06-14T01:55:00.000Z,47.93445,30.061392,0,1060
2019-06-14T01:55:00.000Z,47.93445,30.061392,0,1060
2019-06-14T02:09:59.000Z,47.934493,30.061407,0,2470
2019-06-14T02:09:59.000Z,47.934493,30.061407,0,2470
2019-06-14T02:16:00.000Z,47.934487,30.061325,0,35980
2019-06-14T02:16:00.000Z,47.934487,30.061325,0,35980
2019-06-14T02:22:00.000Z,47.934475,30.061415000000004,0,440
2019-06-14T02:22:00.000Z,47.934475,30.061415000000004,0,440
2019-06-14T02:30:59.000Z,47.93446,30.061422,0,220
2019-06-14T02:30:59.000Z,47.93446,30.061422,0,220
2019-06-14T02:36:59.000Z,47.934442,30.061535,0,35950
2019-06-14T02:36:59.000Z,47.934442,30.061535,0,35950
2019-06-14T02:45:59.000Z,47.934457,30.061465,0,780
2019-06-14T02:45:59.000Z,47.934457,30.061465,0,780
2019-06-14T02:52:00.000Z,47.93442,30.061425,0,34660
2019-06-14T02:52:00.000Z,47.93442,30.061425,0,34660
2019-06-14T03:05:35.000Z,47.934438,30.061437,0,35430
2019-06-14T03:05:35.000Z,47.934438,30.061437,0,35430
2019-06-14T03:14:33.000Z,47.934483,30.06143,0,35650
2019-06-14T03:14:33.000Z,47.934483,30.06143,0,35650
2019-06-14T03:21:59.000Z,47.9345,30.061463,0,34440
2019-06-14T03:21:59.000Z,47.9345,30.061463,0,34440
2019-06-14T03:34:00.000Z,47.934493,30.061395,0,2060
2019-06-14T03:34:00.000Z,47.934493,30.061395,0,2060
2019-06-14T03:49:00.000Z,47.934435,30.0615,0,35010
2019-06-14T03:49:00.000Z,47.934435,30.0615,0,35010
2019-06-14T03:50:36.000Z,47.934467,30.061328000000003,0,34570
2019-06-14T03:50:36.000Z,47.934467,30.061328000000003,0,34570
2019-06-14T03:53:33.000Z,47.934435,30.0615,0,35010
2019-06-14T03:53:33.000Z,47.934435,30.0615,0,35010
2019-06-14T03:59:34.000Z,47.934525,30.061452000000006,0,34690
2019-06-14T03:59:34.000Z,47.934525,30.061452000000006,0,34690
2019-06-14T04:18:59.000Z,47.934413,30.061447,0,34210
2019-06-14T04:18:59.000Z,47.934413,30.061447,0,34210
2019-06-14T04:27:59.000Z,47.934517,30.06135,0,35700
2019-06-14T04:27:59.000Z,47.934517,30.06135,0,35700
2019-06-14T04:44:40.000Z,47.934493,30.061497,0,34360
2019-06-14T04:44:40.000Z,47.934493,30.061497,0,34360
2019-06-14T04:58:00.000Z,47.934462,30.061517,0,35240
2019-06-14T04:58:00.000Z,47.934462,30.061517,0,35240
2019-06-14T05:11:35.000Z,47.934445,30.061448,0,20
2019-06-14T05:11:35.000Z,47.934445,30.061448,0,20
2019-06-14T05:22:00.000Z,47.934488,30.061608000000003,0,490
2019-06-14T05:22:00.000Z,47.934488,30.061608000000003,0,490
2019-06-14T05:30:59.000Z,47.934483,30.061273,0,1500
2019-06-14T05:30:59.000Z,47.934483,30.061273,0,1500
2019-06-14T05:37:00.000Z,47.934547,30.061392,0,1820
2019-06-14T05:37:00.000Z,47.934547,30.061392,0,1820
2019-06-14T05:45:58.000Z,47.934542,30.061315000000004,0,1130
2019-06-14T05:45:58.000Z,47.934542,30.061315000000004,0,1130
2019-06-14T05:57:59.000Z,47.934488,30.061438,0,29390
2019-06-14T05:57:59.000Z,47.934488,30.061438,0,29390
2019-06-14T06:03:58.000Z,47.934492,30.06145,0,31960
2019-06-14T06:03:58.000Z,47.934492,30.06145,0,31960
2019-06-14T06:13:00.000Z,47.934497,30.061438,0,33450
2019-06-14T06:13:00.000Z,47.934497,30.061438,0,33450
2019-06-14T06:27:58.000Z,47.934525,30.061382,0,13950
2019-06-14T06:27:58.000Z,47.934525,30.061382,0,13950
2019-06-14T06:33:59.000Z,47.934468,30.061402,0,11660
2019-06-14T06:33:59.000Z,47.934468,30.061402,0,11660
2019-06-14T06:39:59.000Z,47.934495,30.06142,0,11640
2019-06-14T06:39:59.000Z,47.934495,30.06142,0,11640
2019-06-14T06:54:59.000Z,47.934485,30.061415000000004,0,17490
2019-06-14T06:54:59.000Z,47.934485,30.061415000000004,0,17490
2019-06-14T07:08:33.000Z,47.934492,30.061378,0,13070
2019-06-14T07:08:33.000Z,47.934492,30.061378,0,13070
2019-06-14T07:22:00.000Z,47.934523,30.061405,0,13060
2019-06-14T07:22:00.000Z,47.934523,30.061405,0,13060
2019-06-14T07:40:00.000Z,47.93447000000001,30.061432,0,14910
2019-06-14T07:40:00.000Z,47.93447000000001,30.061432,0,14910
2019-06-14T07:53:41.000Z,47.9345,30.061393,0,10620
2019-06-14T07:53:41.000Z,47.9345,30.061393,0,10620
2019-06-14T08:06:58.000Z,47.934523,30.061473,0,12130
2019-06-14T08:06:58.000Z,47.934523,30.061473,0,12130
2019-06-14T08:18:59.000Z,47.93445,30.061383000000006,0,14230
2019-06-14T08:18:59.000Z,47.93445,30.061383000000006,0,14230
2019-06-14T08:29:34.000Z,47.93447000000001,30.061463,0,10080
2019-06-14T08:29:34.000Z,47.93447000000001,30.061463,0,10080
2019-06-14T08:44:33.000Z,47.934493,30.061462,0,9590
2019-06-14T08:44:33.000Z,47.934493,30.061462,0,9590
2019-06-14T08:57:59.000Z,47.93445,30.061475,0,11060
2019-06-14T08:57:59.000Z,47.93445,30.061475,0,11060
2019-06-14T09:04:00.000Z,47.934503,30.061455,0,12330
2019-06-14T09:04:00.000Z,47.934503,30.061455,0,12330
2019-06-14T09:13:00.000Z,47.934477,30.061448,0,12060
2019-06-14T09:13:00.000Z,47.934477,30.061448,0,12060
2019-06-14T09:18:58.000Z,47.934485,30.061485,0,11260
2019-06-14T09:18:58.000Z,47.934485,30.061485,0,11260
2019-06-14T09:33:59.000Z,47.934488,30.061473,0,10900
2019-06-14T09:33:59.000Z,47.934488,30.061473,0,10900
2019-06-14T09:48:59.000Z,47.934465,30.061473,0,19300
2019-06-14T09:48:59.000Z,47.934465,30.061473,0,19300
2019-06-14T10:07:00.000Z,47.934495,30.06148,0,29230
2019-06-14T10:07:00.000Z,47.934495,30.06148,0,29230
2019-06-14T10:12:59.000Z,47.934498,30.061477000000004,0,26670
2019-06-14T10:12:59.000Z,47.934498,30.061477000000004,0,26670
2019-06-14T10:21:58.000Z,47.934518,30.061495,0,31780
2019-06-14T10:21:58.000Z,47.934518,30.061495,0,31780
2019-06-14T10:37:00.000Z,47.934477,30.061462,0,30980
2019-06-14T10:37:00.000Z,47.934477,30.061462,0,30980
2019-06-14T10:50:33.000Z,47.93447800000001,30.061473,0,29410
2019-06-14T10:50:33.000Z,47.93447800000001,30.061473,0,29410
2019-06-14T11:03:58.000Z,47.934467,30.061485,0,29690
2019-06-14T11:03:58.000Z,47.934467,30.061485,0,29690
2019-06-14T11:18:59.000Z,47.934473,30.06146,0,30280
2019-06-14T11:18:59.000Z,47.934473,30.06146,0,30280
2019-06-14T11:32:45.000Z,47.93447000000001,30.061467,0,29990
2019-06-14T11:32:45.000Z,47.93447000000001,30.061467,0,29990
2019-06-14T11:48:59.000Z,47.93446,30.061488,0,30760
2019-06-14T11:48:59.000Z,47.93446,30.061488,0,30760
2019-06-14T11:59:37.000Z,47.934463,30.061475,0,33520
2019-06-14T11:59:37.000Z,47.934463,30.061475,0,33520
2019-06-14T12:08:32.000Z,47.93447000000001,30.061487,0,34460
2019-06-14T12:08:32.000Z,47.93447000000001,30.061487,0,34460
2019-06-14T12:21:59.000Z,47.934467,30.061487,0,31420
2019-06-14T12:21:59.000Z,47.934467,30.061487,0,31420
2019-06-14T12:36:58.000Z,47.934465,30.061482,0,30770
2019-06-14T12:36:58.000Z,47.934465,30.061482,0,30770
2019-06-14T12:51:58.000Z,47.934498,30.061488,0,30660
2019-06-14T12:51:58.000Z,47.934498,30.061488,0,30660
2019-06-14T13:00:59.000Z,47.934458,30.061483000000006,0,30250
2019-06-14T13:00:59.000Z,47.934458,30.061483000000006,0,30250
2019-06-14T13:20:34.000Z,47.934465,30.06147,0,30390
2019-06-14T13:20:34.000Z,47.934465,30.06147,0,30390
2019-06-14T13:30:58.000Z,47.934468,30.061498,0,32220
2019-06-14T13:30:58.000Z,47.934468,30.061498,0,32220
2019-06-14T13:36:58.000Z,47.934488,30.061497,0,30550
2019-06-14T13:36:58.000Z,47.934488,30.061497,0,30550
2019-06-14T13:47:35.000Z,47.93447800000001,30.061483000000006,0,32540
2019-06-14T13:47:35.000Z,47.93447800000001,30.061483000000006,0,32540
2019-06-14T13:55:00.000Z,47.934493,30.0615,0,29890
2019-06-14T13:55:00.000Z,47.934493,30.0615,0,29890
2019-06-14T14:00:58.000Z,47.934473,30.061485,0,32880
2019-06-14T14:00:58.000Z,47.934473,30.061485,0,32880
2019-06-14T14:12:58.000Z,47.93449,30.061478,0,33120
2019-06-14T14:12:58.000Z,47.93449,30.061478,0,33120
2019-06-14T14:18:58.000Z,47.934488,30.061463,0,33080
2019-06-14T14:18:58.000Z,47.934488,30.061463,0,33080
2019-06-14T14:27:59.000Z,47.934487,30.061497,0,31480
2019-06-14T14:27:59.000Z,47.934487,30.061497,0,31480
2019-06-14T14:40:00.000Z,47.934498,30.061475,0,31920
2019-06-14T14:40:00.000Z,47.934498,30.061475,0,31920
2019-06-14T14:54:58.000Z,47.934473,30.061485,0,33490
2019-06-14T14:54:58.000Z,47.934473,30.061485,0,33490
2019-06-14T15:08:33.000Z,47.934473,30.06148,0,35840
2019-06-14T15:08:33.000Z,47.934473,30.06148,0,35840
2019-06-14T15:21:58.000Z,47.93446,30.061477000000004,0,30350
2019-06-14T15:21:58.000Z,47.93446,30.061477000000004,0,30350
2019-06-14T15:33:59.000Z,47.93446,30.061467,0,31620
2019-06-14T15:33:59.000Z,47.93446,30.061467,0,31620
2019-06-14T15:48:58.000Z,47.934458,30.061477000000004,0,28400
2019-06-14T16:02:41.000Z,47.934468,30.061458,0,26510
2019-06-14T16:17:34.000Z,47.934445,30.061477000000004,0,23200
2019-06-14T16:27:59.000Z,47.934462,30.061472,0,23200
2019-06-14T16:39:59.000Z,47.934445,30.061463,0,22280
2019-06-14T16:45:58.000Z,47.93446,30.061452000000006,0,22280
2019-06-14T16:57:58.000Z,47.934457,30.06145,0,22280
2019-06-14T17:03:57.000Z,47.934477,30.061455,0,22540
2019-06-14T17:12:59.000Z,47.934462,30.061465,0,20780
2019-06-14T17:18:57.000Z,47.934465,30.06146,0,15160
2019-06-14T17:27:57.000Z,47.934455,30.061458,0,14770
2019-06-14T17:42:58.000Z,47.93447800000001,30.061465,0,15040
2019-06-14T17:48:58.000Z,47.934463,30.061482,0,15000
2019-06-14T18:03:59.000Z,47.93447800000001,30.061458,0,14360
2019-06-14T18:15:57.000Z,47.934452,30.061453000000004,0,15490
2019-06-14T18:30:59.000Z,47.934445,30.061453000000004,0,11770
2019-06-14T18:42:57.000Z,47.934438,30.06147,0,13150
2019-06-14T18:51:58.000Z,47.934447,30.061465,0,14070
2019-06-14T18:57:59.000Z,47.934452,30.061443,0,16860
2019-06-14T19:09:58.000Z,47.93445300000001,30.061475,0,15570
2019-06-14T19:24:57.000Z,47.93446,30.061445000000006,0,14150
2019-06-14T19:36:59.000Z,47.93446,30.06148,0,10700
2019-06-14T19:45:57.000Z,47.934445,30.061477000000004,0,11670
2019-06-14T19:54:58.000Z,47.934442,30.061477000000004,0,14260
2019-06-14T20:03:58.000Z,47.934428,30.061463,0,13360
2019-06-14T20:12:58.000Z,47.934443,30.061475,0,16020
2019-06-14T20:24:59.000Z,47.93444,30.061482,0,13500
2019-06-14T20:39:59.000Z,47.934448,30.061427,0,12250
2019-06-14T20:54:57.000Z,47.93445300000001,30.061465,0,14480
2019-06-14T21:09:59.000Z,47.93445,30.061473,0,14370
2019-06-14T21:24:59.000Z,47.934455,30.06147,0,13340
2019-06-14T21:39:59.000Z,47.934465,30.061467,0,11040
2019-06-14T21:54:58.000Z,47.93445,30.061448,0,10620
2019-06-14T22:09:59.000Z,47.934455,30.06147,0,15000
2019-06-14T22:27:57.000Z,47.93443,30.061475,0,12580
2019-06-14T22:42:58.000Z,47.934467,30.061452000000006,0,10220
2019-06-14T22:57:57.000Z,47.93447000000001,30.06144,0,10470
2019-06-14T23:09:58.000Z,47.934483,30.061455,0,13310
2019-06-14T23:24:58.000Z,47.93449,30.06144,0,13360
2019-06-14T23:39:57.000Z,47.934493,30.061445000000006,0,27350
2019-06-14T23:51:58.000Z,47.934482,30.061485,0,30350
2019-06-15T00:06:58.000Z,47.934462,30.061490000000006,0,31570
2019-06-15T00:21:58.000Z,47.934458,30.061475,0,30800
2019-06-15T00:36:57.000Z,47.934472,30.061465,0,32820
2019-06-15T00:54:57.000Z,47.934452,30.061452000000006,0,33020
2019-06-15T01:06:58.000Z,47.934445,30.061475,0,34490
2019-06-15T01:21:57.000Z,47.934405,30.061423,0,34970
2019-06-15T01:33:58.000Z,47.934437,30.061452000000006,0,34970
2019-06-15T01:48:58.000Z,47.934448,30.061432,0,35040
2019-06-15T01:57:57.000Z,47.933682,30.06049,2,20470
2019-06-15T01:59:04.000Z,47.933473,30.060192,2,21380
2019-06-15T02:00:14.000Z,47.933142,30.059978000000005,2,23970
2019-06-15T02:01:20.000Z,47.932722,30.059825,2,24480
2019-06-15T02:02:10.000Z,47.932327,30.059668,3,24730
2019-06-15T02:03:00.000Z,47.931843,30.059635,2,27350
2019-06-15T02:04:20.000Z,47.931373,30.060048,2,33300
2019-06-15T02:05:20.000Z,47.93132,30.060405,1,35710
2019-06-15T02:06:53.000Z,47.931487,30.060315000000006,3,13910
2019-06-15T02:07:23.000Z,47.931675,30.060088,4,14660
2019-06-15T02:08:04.000Z,47.93196,30.059623,5,15200
2019-06-15T02:09:04.000Z,47.932572,30.058868,6,14400
2019-06-15T02:10:04.000Z,47.933358,30.057923,8,14350
2019-06-15T02:11:04.000Z,47.934257,30.056845000000006,9,14420
2019-06-15T02:12:04.000Z,47.935255,30.055653000000003,10,14450
2019-06-15T02:13:04.000Z,47.936328,30.054368,10,14330
2019-06-15T02:14:03.000Z,47.937438,30.053025,11,14370
2019-06-15T02:15:03.000Z,47.938625,30.051625,11,14410
2019-06-15T02:16:03.000Z,47.939862,30.050143,12,14370
2019-06-15T02:17:03.000Z,47.941105,30.048655,12,14420
2019-06-15T02:18:03.000Z,47.942367,30.047148,12,14440
2019-06-15T02:19:03.000Z,47.943638,30.045593,12,14360
2019-06-15T02:20:03.000Z,47.94497,30.044053,12,14350
2019-06-15T02:21:03.000Z,47.946277,30.042487,12,14420
2019-06-15T02:22:03.000Z,47.947593,30.04089,12,14200
2019-06-15T02:23:03.000Z,47.949042,30.039417,12,13600
2019-06-15T02:24:03.000Z,47.95058,30.03799,12,13730
2019-06-15T02:25:03.000Z,47.952093,30.036562,12,14220
2019-06-15T02:26:03.000Z,47.953335,30.034947,12,14970
2019-06-15T02:27:03.000Z,47.954207,30.033233000000006,11,16200
2019-06-15T02:28:03.000Z,47.95467,30.031627,10,16840
2019-06-15T02:29:03.000Z,47.954875,30.030223,8,17710
2019-06-15T02:30:03.000Z,47.954935,30.028998,7,17680
2019-06-15T02:31:03.000Z,47.955008,30.027868,7,17620
2019-06-15T02:32:14.000Z,47.955068,30.026678000000004,6,17650
2019-06-15T02:33:03.000Z,47.955143,30.025892,5,17540
2019-06-15T02:34:03.000Z,47.955172,30.024957,7,18370
2019-06-15T02:35:14.000Z,47.955267,30.023563,8,17130
2019-06-15T02:36:03.000Z,47.955443,30.022512,9,17400
2019-06-15T02:37:03.000Z,47.95565300000001,30.020887,12,17560
2019-06-15T02:38:03.000Z,47.95603300000001,30.018892,14,16880
2019-06-15T02:39:03.000Z,47.95656500000001,30.016675,15,16900
2019-06-15T02:40:03.000Z,47.95717,30.014292,16,15980
2019-06-15T02:41:03.000Z,47.958262,30.011965000000004,16,15330
2019-06-15T02:42:00.000Z,47.959495,30.00975,17,14810
2019-06-15T02:43:13.000Z,47.961658,30.007213,17,14410
2019-06-15T02:44:03.000Z,47.963142,30.005328,18,14600
2019-06-15T02:45:00.000Z,47.965112,30.003235,19,13170
2019-06-15T02:46:00.000Z,47.968035,30.001977,19,10630
2019-06-15T02:47:24.000Z,47.972817,30.001032,21,10300
2019-06-15T02:48:04.000Z,47.975298,30.000512,22,10140
2019-06-15T02:49:04.000Z,47.979275,29.999692,24,10350
2019-06-15T02:50:04.000Z,47.983487,29.998748,25,10560
2019-06-15T02:51:04.000Z,47.987788,29.9978,25,10410
2019-06-15T02:52:03.000Z,47.99194,29.996868,25,10430
2019-06-15T02:53:03.000Z,47.996215,29.995912,25,10050
2019-06-15T02:55:24.000Z,48.00669,29.994628,25,9460
2019-06-15T02:56:43.000Z,48.012635,29.994368,25,8790
2019-06-15T02:57:03.000Z,48.01410300000001,29.994463,25,8460
2019-06-15T02:58:03.000Z,48.018352,29.99535,24,5980
2019-06-15T02:59:06.000Z,48.02163,29.997940000000003,24,4130
2019-06-15T03:00:01.000Z,48.024207,30.000552000000006,25,4380
2019-06-15T03:01:05.000Z,48.027595,30.003565,27,4460
2019-06-15T03:02:05.000Z,48.030967,30.006543,27,4500
2019-06-15T03:03:29.000Z,48.035683,30.010742,27,4400
2019-06-15T03:04:05.000Z,48.037708,30.012552000000003,27,4410
2019-06-15T03:05:05.000Z,48.041082,30.015471999999995,27,4800
2019-06-15T03:06:05.000Z,48.044505,30.018327000000006,27,4580
2019-06-15T03:07:05.000Z,48.04785,30.021185,27,4510
2019-06-15T03:08:05.000Z,48.051327,30.02397,27,4630
2019-06-15T03:09:01.000Z,48.05489,30.026177,26,6450
2019-06-15T03:10:05.000Z,48.059575,30.02761,27,7300
2019-06-15T03:11:05.000Z,48.064125,30.028622,27,7540
2019-06-15T03:12:06.000Z,48.06871,30.029653000000003,27,7510
2019-06-15T03:13:06.000Z,48.073347,30.030708,27,7580
2019-06-15T03:14:06.000Z,48.077988,30.031582,27,7810
2019-06-15T03:15:06.000Z,48.082633,30.032472,27,7680
2019-06-15T03:16:00.000Z,48.086905,30.03321,27,7820
2019-06-15T03:17:00.000Z,48.091585,30.0334,27,9350
2019-06-15T03:18:00.000Z,48.096273,30.032982,27,9540
2019-06-15T03:19:00.000Z,48.100965,30.032475,27,9780
2019-06-15T03:20:00.000Z,48.105638,30.031943,27,9530
2019-06-15T03:21:00.000Z,48.110355,30.031648,27,9330
2019-06-15T03:22:05.000Z,48.115538,30.031363,27,9320
2019-06-15T03:23:05.000Z,48.120357,30.031125,27,9190
2019-06-15T03:25:35.000Z,48.132352,30.03017,27,9670
2019-06-15T03:26:29.000Z,48.13661,30.029735,27,9710
2019-06-15T03:30:15.000Z,48.154023,30.027240000000006,26,11380
2019-06-15T03:35:01.000Z,48.154722,30.02695,26,11590
2019-06-15T03:36:03.000Z,48.15861500000001,30.024633,26,12830
2019-06-15T03:37:05.000Z,48.16262,30.022633000000006,26,11680
2019-06-15T03:38:05.000Z,48.166772,30.020827,26,11630
2019-06-15T03:39:05.000Z,48.170835,30.018922,26,11950
2019-06-15T03:40:06.000Z,48.17486,30.016955,26,11930
2019-06-15T03:41:05.000Z,48.17890300000001,30.01498,26,12000
2019-06-15T03:42:05.000Z,48.182982,30.013033,27,11870
2019-06-15T03:43:05.000Z,48.18702,30.011088,27,11920
2019-06-15T03:44:05.000Z,48.191157,30.009118,27,11870
2019-06-15T03:45:10.000Z,48.19572700000001,30.006940000000004,27,11910
2019-06-15T03:46:05.000Z,48.199442,30.00513,27,11890
2019-06-15T03:47:05.000Z,48.203608,30.0031,27,12050
2019-06-15T03:48:03.000Z,48.207358,30.000773,27,13150
2019-06-15T03:49:05.000Z,48.210937,29.997723,28,13930
2019-06-15T03:49:11.000Z,48.21131,29.997357,28,13750
2019-06-15T03:50:05.000Z,48.214117,29.994617,26,13560
2019-06-15T03:51:05.000Z,48.217353,29.991673,27,13650
2019-06-15T03:59:23.000Z,48.260303,29.952507,27,13620
2019-06-15T04:01:36.000Z,48.267422,29.945963,27,13630
2019-06-15T04:02:05.000Z,48.269042,29.944475,27,13580
2019-06-15T04:04:59.000Z,48.278363,29.935852,27,13810
2019-06-15T04:05:23.000Z,48.279625,29.934637,27,13820
2019-06-15T04:08:42.000Z,48.289867,29.924537,26,13680
2019-06-15T04:12:47.000Z,48.30278300000001,29.912302,27,13710
2019-06-15T04:13:00.000Z,48.303472,29.911643,27,13700
2019-06-15T04:14:00.000Z,48.306603,29.908677,27,13740
2019-06-15T04:15:00.000Z,48.309773,29.905697,27,13790
2019-06-15T04:17:12.000Z,48.316795,29.899007,27,13800
2019-06-15T04:22:29.000Z,48.31896500000001,29.89697,26,13640
2019-06-15T04:23:05.000Z,48.320878,29.895212,26,13630
2019-06-15T04:24:05.000Z,48.324075,29.892275,26,13610
2019-06-15T04:25:05.000Z,48.327287,29.889345,26,13560
2019-06-15T04:26:05.000Z,48.330587,29.886512,26,13610
2019-06-15T04:27:03.000Z,48.33399,29.883993,26,12180
2019-06-15T04:28:35.000Z,48.340143,29.88105,26,11920
2019-06-15T04:29:23.000Z,48.343343,29.879458000000003,26,11960
2019-06-15T04:30:11.000Z,48.346645,29.877787,26,12090
2019-06-15T04:32:35.000Z,48.356232,29.87275,27,12120
2019-06-15T04:33:05.000Z,48.35823,29.871705,26,12170
2019-06-15T04:34:06.000Z,48.362233,29.869573,27,12200
2019-06-15T04:35:11.000Z,48.366638,29.86724,27,12100
2019-06-15T04:36:00.000Z,48.369845,29.865515,27,12100
2019-06-15T04:37:05.000Z,48.37427,29.863162,27,12170
2019-06-15T04:38:05.000Z,48.378305,29.861072,27,11880
2019-06-15T04:39:06.000Z,48.382485,29.859055,27,11930
2019-06-15T04:40:05.000Z,48.386542,29.857123,27,11900
2019-06-15T04:41:05.000Z,48.390653,29.855038,27,11890
2019-06-15T04:42:05.000Z,48.394862,29.853047,27,11980
2019-06-15T04:43:05.000Z,48.399075,29.850807,28,12050
2019-06-15T04:44:05.000Z,48.403232,29.84865,28,12050
2019-06-15T04:45:05.000Z,48.407513,29.846452000000006,28,12040
2019-06-15T04:46:05.000Z,48.411705,29.844293,27,12080
2019-06-15T04:47:05.000Z,48.41585300000001,29.842128,27,12170
2019-06-15T04:48:05.000Z,48.42,29.840003000000006,27,12020
2019-06-15T04:49:11.000Z,48.424545,29.837647,27,12050
2019-06-15T04:50:11.000Z,48.428652,29.835502,27,12040
2019-06-15T04:51:11.000Z,48.432752,29.83341,27,12040
2019-06-15T04:52:11.000Z,48.43675,29.831292,27,11970
2019-06-15T04:53:11.000Z,48.440868,29.829132,27,12080
2019-06-15T04:54:23.000Z,48.445763,29.826682,27,11920
2019-06-15T04:55:12.000Z,48.449178,29.824990000000003,27,11840
2019-06-15T04:55:23.000Z,48.449925,29.824627000000003,27,11860
2019-06-15T04:56:11.000Z,48.45337,29.822998,27,11850
2019-06-15T04:57:05.000Z,48.45711,29.821158,27,11970
2019-06-15T04:58:05.000Z,48.461235,29.81912,27,11950
2019-06-15T04:59:05.000Z,48.465343,29.816995,27,11960
2019-06-15T05:00:05.000Z,48.469443,29.814875,27,12050
2019-06-15T05:01:05.000Z,48.473622,29.812778,27,12070
2019-06-15T05:02:11.000Z,48.478233,29.810385,27,12080
2019-06-15T05:03:11.000Z,48.48242800000001,29.808252000000003,27,12090
2019-06-15T05:04:05.000Z,48.48598,29.806278,27,12120
2019-06-15T05:05:05.000Z,48.490082,29.804035,27,12090
2019-06-15T05:06:05.000Z,48.494245,29.801945,27,12060
2019-06-15T05:07:05.000Z,48.498328,29.799727,27,12170
2019-06-15T05:08:05.000Z,48.50248,29.7976,27,11980
2019-06-15T05:09:05.000Z,48.506742,29.795477,28,12010
2019-06-15T05:10:05.000Z,48.510938,29.79333,28,11960
2019-06-15T05:11:05.000Z,48.515163,29.791158000000006,28,12060
2019-06-15T05:12:05.000Z,48.519502,29.789075,28,12060
2019-06-15T05:13:05.000Z,48.523778,29.786878,28,11950
2019-06-15T05:14:05.000Z,48.528062,29.784727,28,11950
2019-06-15T05:15:00.000Z,48.53197,29.78283,28,11950
2019-06-15T05:16:05.000Z,48.536648,29.780513,28,11930
2019-06-15T05:17:00.000Z,48.540535,29.778572,28,11950
2019-06-15T05:18:00.000Z,48.544795,29.776343,28,12070
2019-06-15T05:19:00.000Z,48.549057,29.774248,28,11970
2019-06-15T05:20:05.000Z,48.553737,29.771887,28,11980
2019-06-15T05:21:00.000Z,48.557817,29.770087,29,11950
2019-06-15T05:22:00.000Z,48.56226,29.767867,29,11840
2019-06-15T05:23:05.000Z,48.56702,29.765742,29,11720
2019-06-15T05:24:00.000Z,48.571168,29.763692,29,11740
2019-06-15T05:25:00.000Z,48.575662,29.761562,29,11930
2019-06-15T05:26:00.000Z,48.579937,29.759207,29,12130
2019-06-15T05:27:00.000Z,48.584232,29.756972,28,12170
2019-06-15T05:28:17.000Z,48.589372,29.75407,26,12190
2019-06-15T05:29:11.000Z,48.592862,29.752153000000003,25,12110
2019-06-15T05:30:05.000Z,48.596192,29.750447,23,11990
2019-06-15T05:31:05.000Z,48.59956500000001,29.748572,22,11880
2019-06-15T05:32:06.000Z,48.602787,29.747177,19,11860
2019-06-15T05:33:09.000Z,48.605742,29.745802,17,11900
2019-06-15T05:34:09.000Z,48.608273,29.74452,16,11800
2019-06-15T05:35:38.000Z,48.61187,29.742790000000007,14,11970
2019-06-15T05:36:09.000Z,48.612912,29.742212,13,12140
2019-06-15T05:37:09.000Z,48.614855,29.741190000000003,12,12060
2019-06-15T05:38:10.000Z,48.616568,29.740275,10,12110
2019-06-15T05:39:10.000Z,48.618132,29.739458000000006,9,12190
2019-06-15T05:40:10.000Z,48.61953,29.73868,8,12130
2019-06-15T05:41:10.000Z,48.62068,29.738018,7,12160
2019-06-15T05:42:10.000Z,48.62175300000001,29.737365000000004,7,12360
2019-06-15T05:43:28.000Z,48.623005,29.736643,6,12320
2019-06-15T05:44:28.000Z,48.623848,29.736117,5,12430
2019-06-15T05:45:10.000Z,48.624443,29.735683,5,12490
2019-06-15T05:46:10.000Z,48.625092,29.735357,4,12450
2019-06-15T05:47:19.000Z,48.625847,29.734883,4,12250
2019-06-15T05:48:08.000Z,48.62634,29.734575,4,12220
2019-06-15T05:49:09.000Z,48.626948,29.734240000000003,3,12670
2019-06-15T05:50:20.000Z,48.627662,29.733788,5,12600
2019-06-15T05:51:08.000Z,48.628322,29.733327000000006,6,12190
2019-06-15T05:52:39.000Z,48.62991,29.732345,8,12350
2019-06-15T05:53:08.000Z,48.630565,29.732043,9,11940
2019-06-15T05:54:08.000Z,48.632303,29.731235,12,11440
2019-06-15T05:55:10.000Z,48.634445,29.730358000000006,14,11460
2019-06-15T05:56:39.000Z,48.638285,29.728585,18,11780
2019-06-15T05:57:18.000Z,48.64012,29.727735,19,11890
2019-06-15T05:58:18.000Z,48.643138,29.726298,20,11900
2019-06-15T05:59:00.000Z,48.645302,29.725275,21,11670
2019-06-15T06:00:00.000Z,48.648625,29.72369,22,11910
2019-06-15T06:01:09.000Z,48.652703,29.721678000000004,24,11880
2019-06-15T06:02:00.000Z,48.655773,29.720158,24,11820
2019-06-15T06:03:00.000Z,48.659623,29.718295,25,11830
2019-06-15T06:04:09.000Z,48.664025,29.716148,25,11920
2019-06-15T06:05:10.000Z,48.667985,29.714195,25,11900
2019-06-15T06:06:05.000Z,48.671517,29.712528,25,11840
2019-06-15T06:07:03.000Z,48.674943,29.71021,25,13630
2019-06-15T06:08:01.000Z,48.67773,29.707332,25,14270
2019-06-15T06:09:01.000Z,48.680433,29.704158000000003,26,14290
2019-06-15T06:10:01.000Z,48.683153,29.701012,26,14360
2019-06-15T06:11:01.000Z,48.685982,29.697873,26,14100
2019-06-15T06:12:01.000Z,48.68857,29.69476,26,14380
2019-06-15T06:13:03.000Z,48.690757,29.691168,26,15800
2019-06-15T06:14:01.000Z,48.692538,29.687652000000003,26,16380
2019-06-15T06:15:26.000Z,48.694318,29.682342,26,16490
2019-06-15T06:16:01.000Z,48.69507,29.680003000000006,26,16640
2019-06-15T06:17:01.000Z,48.696147,29.676053000000003,26,16550
2019-06-15T06:18:01.000Z,48.697305,29.672187,26,16610
2019-06-15T06:19:01.000Z,48.698487,29.668327,26,16560
2019-06-15T06:20:01.000Z,48.699725,29.664432,26,16560
2019-06-15T06:21:07.000Z,48.701047,29.66018,26,16060
2019-06-15T06:22:08.000Z,48.702847,29.656525,25,15430
2019-06-15T06:23:03.000Z,48.704622,29.653192,26,15430
2019-06-15T06:24:01.000Z,48.70656,29.649653000000004,26,15310
2019-06-15T06:25:02.000Z,48.708757,29.646145,26,15050
2019-06-15T06:26:02.000Z,48.711077,29.642705,26,14980
2019-06-15T06:27:01.000Z,48.713447,29.639335,26,14780
2019-06-15T06:28:03.000Z,48.715917,29.635868,25,14570
2019-06-15T06:29:03.000Z,48.718415,29.632655,25,14450
2019-06-15T06:30:25.000Z,48.72201,29.62842,25,14370
2019-06-15T06:34:23.000Z,48.732613,29.616038,25,14260
2019-06-15T06:35:03.000Z,48.734398,29.613963,25,14300
2019-06-15T06:36:13.000Z,48.737562,29.61028,25,14340
2019-06-15T06:37:03.000Z,48.73993,29.607732,25,14300
2019-06-15T06:38:03.000Z,48.742598,29.604645,25,14270
2019-06-15T06:39:03.000Z,48.745202,29.601578000000003,25,14250
2019-06-15T06:40:03.000Z,48.74788,29.598442,25,14280
2019-06-15T06:41:13.000Z,48.751108,29.594767,25,14310
2019-06-15T06:42:05.000Z,48.753327,29.59202,25,14190
2019-06-15T06:43:11.000Z,48.756383,29.588687,25,14210
2019-06-15T06:44:05.000Z,48.758878,29.585912,25,14090
2019-06-15T06:45:47.000Z,48.763663,29.580742,25,13990
2019-06-15T06:46:05.000Z,48.764425,29.579822,25,13940
2019-06-15T06:47:17.000Z,48.768028,29.576302,25,13750
2019-06-15T06:50:47.000Z,48.779217,29.566495,26,13230
2019-06-15T06:52:12.000Z,48.784112,29.562612,27,12980
2019-06-15T06:53:17.000Z,48.788082,29.559718,27,12920
2019-06-15T06:54:00.000Z,48.790652,29.557848,28,12850
2019-06-15T06:55:05.000Z,48.794913,29.554965000000006,28,12530
2019-06-15T06:56:05.000Z,48.799045,29.552457,29,12350
2019-06-15T06:57:05.000Z,48.803385,29.550113,29,11980
2019-06-15T06:58:05.000Z,48.807742,29.547898,29,12050
2019-06-15T06:59:07.000Z,48.81204,29.545278000000003,29,12870
2019-06-15T07:00:11.000Z,48.816112,29.542028,30,13510
2019-06-15T07:01:05.000Z,48.81951,29.539037,30,13520
2019-06-15T07:02:05.000Z,48.823208,29.535775,30,13430
2019-06-15T07:03:03.000Z,48.826675,29.5327,30,13230
2019-06-15T07:04:11.000Z,48.831487,29.529855,29,11800
2019-06-15T07:05:11.000Z,48.83606,29.528082,29,11290
2019-06-15T07:06:05.000Z,48.840268,29.526412,29,11350
2019-06-15T07:07:05.000Z,48.84506500000001,29.524597,29,11350
2019-06-15T07:08:05.000Z,48.849813,29.522737,30,11450
2019-06-15T07:09:05.000Z,48.854588,29.520883,30,11460
2019-06-15T07:10:05.000Z,48.859277,29.518972,30,11420
2019-06-15T07:11:05.000Z,48.86408,29.517078,30,11390
2019-06-15T07:12:05.000Z,48.868922,29.515113,30,11390
2019-06-15T07:13:05.000Z,48.873628,29.513322,30,11370
2019-06-15T07:14:05.000Z,48.878377,29.511458,30,11410
2019-06-15T07:15:41.000Z,48.886092,29.50843,30,11430
2019-06-15T07:16:05.000Z,48.888012,29.507605,30,11470
2019-06-15T07:17:05.000Z,48.892748,29.50558,30,11810
2019-06-15T07:18:05.000Z,48.897467,29.503312,30,11780
2019-06-15T07:19:05.000Z,48.902102,29.50108,30,12000
2019-06-15T07:20:11.000Z,48.907232,29.498358000000003,30,12080
2019-06-15T07:21:05.000Z,48.911185,29.496402000000003,30,12000
2019-06-15T07:22:17.000Z,48.916578,29.493568,30,12050
2019-06-15T07:23:05.000Z,48.920193,29.491727,30,12060
2019-06-15T07:24:05.000Z,48.924737,29.48931,30,12080
2019-06-15T07:25:07.000Z,48.92937,29.486845,30,12020
2019-06-15T07:26:05.000Z,48.933895,29.484462,30,12100
2019-06-15T07:27:05.000Z,48.938402,29.482153000000004,30,12040
2019-06-15T07:28:05.000Z,48.942922,29.47971,30,12070
2019-06-15T07:29:05.000Z,48.947478,29.477317,31,12090
2019-06-15T07:30:00.000Z,48.951622,29.475225,30,12090
2019-06-15T07:31:00.000Z,48.956348,29.47251,30,12060
2019-06-15T07:32:00.000Z,48.960953,29.470162,31,12240
2019-06-15T07:33:00.000Z,48.965455,29.467672,31,12300
2019-06-15T07:34:00.000Z,48.969788,29.465090000000004,31,12530
2019-06-15T07:35:00.000Z,48.973957,29.462452000000006,31,12740
2019-06-15T07:36:05.000Z,48.978647,29.459282,31,12770
2019-06-15T07:37:05.000Z,48.982887,29.456348,31,12720
2019-06-15T07:38:05.000Z,48.987118,29.453583,31,12760
2019-06-15T07:39:05.000Z,48.991317,29.450653000000006,31,12830
2019-06-15T07:40:17.000Z,48.996322,29.44717,30,12850
2019-06-15T07:41:24.000Z,49.001018,29.443652,30,12800
2019-06-15T07:42:05.000Z,49.003873,29.441728,30,12800
2019-06-15T07:43:12.000Z,49.008407,29.438652,30,12820
2019-06-15T07:44:05.000Z,49.012075,29.435563,30,12870
2019-06-15T07:45:05.000Z,49.016392,29.433148,30,12880
2019-06-15T07:46:06.000Z,49.02054,29.430257,30,12840
2019-06-15T07:47:05.000Z,49.02473300000001,29.427318,30,12850
2019-06-15T07:48:05.000Z,49.028868,29.424418,30,12850
2019-06-15T07:49:05.000Z,49.033065,29.421547,30,12850
2019-06-15T07:50:06.000Z,49.037225,29.418627,30,12820
2019-06-15T07:51:06.000Z,49.041305,29.415912,30,12820
2019-06-15T07:52:06.000Z,49.045412,29.41297,30,12820
2019-06-15T07:53:12.000Z,49.05003,29.409723,30,12870
2019-06-15T07:54:17.000Z,49.054363,29.406607,30,12890
2019-06-15T07:55:17.000Z,49.058482,29.40373,30,12910
2019-06-15T07:56:05.000Z,49.061672,29.40153,30,12810
2019-06-15T07:57:05.000Z,49.06586,29.39882,29,12580
2019-06-15T07:58:12.000Z,49.070508,29.395903000000004,29,12520
2019-06-15T07:59:11.000Z,49.074773,29.39318,29,12500
2019-06-15T08:00:05.000Z,49.07844,29.391013,29,12430
2019-06-15T08:01:00.000Z,49.082327,29.388627000000003,30,12490
2019-06-15T08:02:05.000Z,49.086987,29.385728000000004,30,12460
2019-06-15T08:03:05.000Z,49.091112,29.383187,30,12520
2019-06-15T08:04:00.000Z,49.094968,29.38076,30,12520
2019-06-15T08:05:00.000Z,49.09924,29.378157,30,12540
2019-06-15T08:06:00.000Z,49.103402,29.375537,29,12480
2019-06-15T08:07:00.000Z,49.10764,29.372905,30,12530
2019-06-15T08:08:05.000Z,49.112187,29.369995,29,12410
2019-06-15T08:09:05.000Z,49.116432,29.36761,29,12300
2019-06-15T08:10:05.000Z,49.120813,29.365163,29,12200
2019-06-15T08:11:05.000Z,49.125123,29.362653,29,12280
2019-06-15T08:12:05.000Z,49.129162,29.359882,29,12250
2019-06-15T08:13:11.000Z,49.134272,29.357582,29,12240
2019-06-15T08:14:11.000Z,49.13860800000001,29.354985,29,12230
2019-06-15T08:15:11.000Z,49.142792,29.352622,29,12270
2019-06-15T08:16:11.000Z,49.147153,29.350312,29,12270
2019-06-15T08:17:12.000Z,49.15142,29.347790000000003,29,12220
2019-06-15T08:18:18.000Z,49.156128,29.345243,29,12290
2019-06-15T08:19:05.000Z,49.15954,29.343182,29,12170
2019-06-15T08:20:05.000Z,49.163892,29.340675,29,12210
2019-06-15T08:21:05.000Z,49.168127,29.338390000000004,29,12200
2019-06-15T08:22:05.000Z,49.172387,29.33603,29,12250
2019-06-15T08:23:05.000Z,49.176628,29.33352,29,12260
2019-06-15T08:24:00.000Z,49.180593,29.331508000000003,29,12130
2019-06-15T08:25:07.000Z,49.185357,29.328907,29,12100
2019-06-15T08:26:05.000Z,49.189588,29.32654,29,12130
2019-06-15T08:27:06.000Z,49.193933,29.324162,29,12100
2019-06-15T08:28:06.000Z,49.198237,29.321965,29,12150
2019-06-15T08:29:06.000Z,49.20260800000001,29.319553000000006,29,12080
2019-06-15T08:30:07.000Z,49.206937,29.317322,29,12110
2019-06-15T08:31:06.000Z,49.211252,29.315015,29,12130
2019-06-15T08:32:06.000Z,49.215573,29.312673,29,12130
2019-06-15T08:33:06.000Z,49.219908,29.310327,29,12050
2019-06-15T08:34:05.000Z,49.224243,29.3081,29,12060
2019-06-15T08:35:05.000Z,49.228603,29.305853000000006,29,12030
2019-06-15T08:36:00.000Z,49.23265,29.303753000000004,29,12040
2019-06-15T08:37:00.000Z,49.237003,29.301517,29,12030
2019-06-15T08:38:00.000Z,49.241382,29.299222,29,12030
2019-06-15T08:39:00.000Z,49.245817,29.297028000000005,29,12000
2019-06-15T08:40:05.000Z,49.25057,29.294605,29,12030
2019-06-15T08:41:05.000Z,49.254963,29.292333000000006,29,11990
2019-06-15T08:42:05.000Z,49.259425,29.29012,29,11970
2019-06-15T08:43:05.000Z,49.26381,29.287862,29,11990
2019-06-15T08:44:05.000Z,49.268205,29.28558,29,11950
2019-06-15T08:45:11.000Z,49.273125,29.283155,29,11930
2019-06-15T08:46:05.000Z,49.277102,29.281113,29,11920
2019-06-15T08:47:04.000Z,49.281597,29.278985,29,11950
2019-06-15T08:48:05.000Z,49.285937,29.276697,29,11940
2019-06-15T08:49:05.000Z,49.290442,29.274525,29,11990
2019-06-15T08:50:05.000Z,49.29476500000001,29.272292,29,11980
2019-06-15T08:51:05.000Z,49.299197,29.270017,29,11930
2019-06-15T08:52:05.000Z,49.303565,29.267828,29,11930
2019-06-15T08:53:05.000Z,49.307985,29.265607,29,11930
2019-06-15T08:54:11.000Z,49.312962,29.263083,29,11940
2019-06-15T08:55:05.000Z,49.316933,29.26117,29,11940
2019-06-15T08:56:05.000Z,49.32132,29.259013,29,11940
2019-06-15T08:57:05.000Z,49.32571,29.256768,29,11960
2019-06-15T08:58:05.000Z,49.330142,29.254532,29,11970
2019-06-15T08:59:05.000Z,49.334533,29.252313,29,11960
2019-06-15T09:00:05.000Z,49.338957,29.250077,29,11990
2019-06-15T09:01:05.000Z,49.343488,29.247825,29,11960
2019-06-15T09:02:05.000Z,49.347885,29.245582,29,11940
2019-06-15T09:03:05.000Z,49.352275,29.243388,29,11930
2019-06-15T09:04:00.000Z,49.356267,29.241333,29,11960
2019-06-15T09:05:00.000Z,49.360658,29.239118,29,11980
2019-06-15T09:06:00.000Z,49.365097,29.236978000000004,29,11980
2019-06-15T09:07:05.000Z,49.369932,29.234613,29,11990
2019-06-15T09:08:00.000Z,49.37389500000001,29.232545,29,11940
2019-06-15T09:09:00.000Z,49.378358,29.230363,29,11900
2019-06-15T09:10:05.000Z,49.383088,29.228017,29,12010
2019-06-15T09:11:05.000Z,49.387505,29.225775,29,11990
2019-06-15T09:12:05.000Z,49.391885,29.22357,29,11940
2019-06-15T09:13:05.000Z,49.396247,29.221353000000004,29,11970
2019-06-15T09:14:06.000Z,49.400873,29.219135,29,12000
2019-06-15T09:15:06.000Z,49.405115,29.216907,29,11970
2019-06-15T09:16:06.000Z,49.409457,29.214668,29,11920
2019-06-15T09:17:06.000Z,49.413822,29.212467,29,11950
2019-06-15T09:18:06.000Z,49.418262,29.210288,29,11980
2019-06-15T09:19:06.000Z,49.42269,29.208067,29,11970
2019-06-15T09:20:06.000Z,49.427068,29.20585,29,11980
2019-06-15T09:21:05.000Z,49.431485,29.203687,29,11940
2019-06-15T09:22:05.000Z,49.435808,29.201443,29,11950
2019-06-15T09:23:06.000Z,49.440245,29.199247,29,11950
2019-06-15T09:24:05.000Z,49.444667,29.197055,29,11930
2019-06-15T09:25:05.000Z,49.449045,29.194893,29,11930
2019-06-15T09:26:06.000Z,49.453608,29.192605,29,11930
2019-06-15T09:27:06.000Z,49.457928,29.190447,29,11890
2019-06-15T09:28:06.000Z,49.462327,29.18823,29,11930
2019-06-15T09:29:06.000Z,49.466722,29.186073,29,11920
2019-06-15T09:30:06.000Z,49.471038,29.183843,29,11960
2019-06-15T09:31:06.000Z,49.475555,29.181643,29,11940
2019-06-15T09:32:06.000Z,49.479893,29.17943,29,11930
2019-06-15T09:33:00.000Z,49.48385,29.17748,29,11960
2019-06-15T09:34:05.000Z,49.488653,29.175093,29,11950
2019-06-15T09:35:00.000Z,49.492652,29.173072,29,11930
2019-06-15T09:36:00.000Z,49.497,29.170893,29,11910
2019-06-15T09:37:00.000Z,49.50153,29.168743,29,11920
2019-06-15T09:38:00.000Z,49.50595,29.166582,29,11900
2019-06-15T09:39:00.000Z,49.510347,29.164363,29,11860
2019-06-15T09:40:00.000Z,49.514833,29.162482,29,11910
2019-06-15T09:41:05.000Z,49.519567,29.159957,29,11920
2019-06-15T09:42:00.000Z,49.523535,29.15796,29,11880
2019-06-15T09:43:00.000Z,49.527895,29.155785,29,11890
2019-06-15T09:44:00.000Z,49.532337,29.153603000000004,29,11920
2019-06-15T09:45:05.000Z,49.537043,29.151227,29,11870
2019-06-15T09:46:05.000Z,49.541427,29.149047,29,11940
2019-06-15T09:47:12.000Z,49.54640300000001,29.146703,29,11910
2019-06-15T09:48:05.000Z,49.550258,29.144692,29,11900
2019-06-15T09:49:05.000Z,49.554725,29.142485,29,11890
2019-06-15T09:50:06.000Z,49.559198,29.140318,29,11830
2019-06-15T09:51:06.000Z,49.563772,29.138225,29,11740
2019-06-15T09:52:05.000Z,49.56814,29.136037,29,11880
2019-06-15T09:53:06.000Z,49.572402,29.133832,29,11850
2019-06-15T09:54:05.000Z,49.576855,29.131658,29,11750
2019-06-15T09:55:06.000Z,49.581222,29.129455,29,12260
2019-06-15T09:56:06.000Z,49.58541,29.127002,29,12560
2019-06-15T09:57:06.000Z,49.589388,29.124155,29,13050
2019-06-15T09:58:06.000Z,49.593167,29.121202,29,13270
2019-06-15T09:59:06.000Z,49.596763,29.118063,29,13340
2019-06-15T10:00:06.000Z,49.600447,29.11498,29,13360
2019-06-15T10:01:06.000Z,49.604103,29.111885,29,13410
2019-06-15T10:02:00.000Z,49.607423,29.10912,29,13430
2019-06-15T10:03:06.000Z,49.61137,29.105742,29,13380
2019-06-15T10:04:42.000Z,49.617012,29.100498,29,13420
2019-06-15T10:05:05.000Z,49.618438,29.099387,29,13390
2019-06-15T10:06:05.000Z,49.622087,29.096475,29,13480
2019-06-15T10:07:05.000Z,49.62569000000001,29.093258,29,13430
2019-06-15T10:08:05.000Z,49.629325,29.090163,29,13430
2019-06-15T10:09:05.000Z,49.632883,29.087055,29,13390
2019-06-15T10:10:05.000Z,49.636418,29.083887,29,13340
2019-06-15T10:11:05.000Z,49.640065,29.080857,29,13430
2019-06-15T10:12:05.000Z,49.643705,29.077808,29,13380
2019-06-15T10:13:07.000Z,49.647322,29.074718,29,13360
2019-06-15T10:14:30.000Z,49.652325,29.070353000000004,29,13430
2019-06-15T10:15:31.000Z,49.655898,29.06718,29,13400
2019-06-15T10:16:07.000Z,49.65813,29.065352,29,13450
2019-06-15T10:17:30.000Z,49.66308,29.061013,29,13460
2019-06-15T10:18:05.000Z,49.665305,29.059057,29,13430
2019-06-15T10:19:06.000Z,49.668937,29.055898,29,13390
2019-06-15T10:20:42.000Z,49.674542,29.050968,29,13440
2019-06-15T10:21:06.000Z,49.67611,29.04968,29,13450
2019-06-15T10:22:06.000Z,49.679623,29.046543,29,13440
2019-06-15T10:23:05.000Z,49.683303,29.043385,29,13470
2019-06-15T10:24:05.000Z,49.686745,29.040252,29,13450
2019-06-15T10:25:06.000Z,49.690345,29.037088,29,13500
2019-06-15T10:26:06.000Z,49.694007,29.033852000000003,29,13520
2019-06-15T10:27:05.000Z,49.69754,29.03075,29,13470
2019-06-15T10:28:05.000Z,49.70124000000001,29.027655,29,13430
2019-06-15T10:29:05.000Z,49.70462,29.02443,29,13470
2019-06-15T10:30:05.000Z,49.708185,29.021320000000006,29,13480
2019-06-15T10:31:05.000Z,49.711783,29.018215,29,13480
2019-06-15T10:32:11.000Z,49.715787,29.014725,29,13460
2019-06-15T10:33:05.000Z,49.718977,29.011927000000004,29,13490
2019-06-15T10:34:06.000Z,49.722582,29.008785,29,13470
2019-06-15T10:35:05.000Z,49.726138,29.005578000000003,29,13430
2019-06-15T10:36:06.000Z,49.729803,29.002475,29,13440
2019-06-15T10:37:00.000Z,49.733,28.999637,29,13460
2019-06-15T10:38:00.000Z,49.736582,28.99647,29,13470
2019-06-15T10:39:12.000Z,49.741037,28.992723,29,13450
2019-06-15T10:40:00.000Z,49.743767,28.990188,29,13470
2019-06-15T10:41:05.000Z,49.747645,28.98672,29,13430
2019-06-15T10:42:05.000Z,49.751275,28.983615000000004,29,13440
2019-06-15T10:43:05.000Z,49.754823,28.98045,29,13440
2019-06-15T10:44:05.000Z,49.758442,28.977335,29,13440
2019-06-15T10:45:05.000Z,49.762023,28.974173,29,13470
2019-06-15T10:46:11.000Z,49.76602000000001,28.970672,29,13460
2019-06-15T10:47:05.000Z,49.769233,28.967888,29,13470
2019-06-15T10:48:05.000Z,49.77282,28.964708,29,13450
2019-06-15T10:49:05.000Z,49.77642,28.961538,29,13480
2019-06-15T10:50:05.000Z,49.780003,28.958398,29,13480
2019-06-15T10:51:05.000Z,49.783607,28.955257,29,13490
2019-06-15T10:52:12.000Z,49.787638,28.95168,29,13510
2019-06-15T10:53:05.000Z,49.79076,28.94889,29,13500
2019-06-15T10:54:05.000Z,49.79432,28.945742,29,13520
2019-06-15T10:55:05.000Z,49.797865,28.942603,29,13500
2019-06-15T10:56:05.000Z,49.801435,28.939398,29,13510
2019-06-15T10:57:00.000Z,49.80469,28.936565,29,13470
2019-06-15T10:58:00.000Z,49.80825,28.933367,29,13500
2019-06-15T10:59:00.000Z,49.811843,28.93026,29,13450
2019-06-15T11:00:00.000Z,49.815417,28.927073,29,13460
2019-06-15T11:01:00.000Z,49.818975,28.92394,29,13490
2019-06-15T11:02:00.000Z,49.822543,28.920748,29,13520
2019-06-15T11:03:05.000Z,49.826398,28.917398,29,13500
2019-06-15T11:04:00.000Z,49.829672,28.914538,29,13440
2019-06-15T11:05:00.000Z,49.833267,28.911383,29,13490
2019-06-15T11:06:00.000Z,49.83686,28.908272,29,13430
2019-06-15T11:07:12.000Z,49.841152,28.904503,29,13440
2019-06-15T11:08:18.000Z,49.845023,28.90112,29,13500
2019-06-15T11:09:06.000Z,49.847863,28.898588,29,13510
2019-06-15T11:10:06.000Z,49.851453,28.89541,29,13490
2019-06-15T11:11:11.000Z,49.85532,28.892017,29,13460
2019-06-15T11:12:06.000Z,49.858583,28.88916,29,13470
2019-06-15T11:13:06.000Z,49.862088,28.886062,29,13470
2019-06-15T11:14:06.000Z,49.865627,28.882947,29,13510
2019-06-15T11:15:00.000Z,49.868878,28.880137,29,13460
2019-06-15T11:16:06.000Z,49.872725,28.876732,29,13410
2019-06-15T11:17:05.000Z,49.876235,28.873695,29,13410
2019-06-15T11:18:05.000Z,49.879657,28.87066,28,13440
2019-06-15T11:19:05.000Z,49.88332800000001,28.867583000000003,28,13410
2019-06-15T11:20:00.000Z,49.886557,28.86478,28,13440
2019-06-15T11:21:05.000Z,49.890367,28.861448,28,13470
2019-06-15T11:22:05.000Z,49.893855,28.858478,28,13470
2019-06-15T11:23:00.000Z,49.897082,28.855628000000006,28,13450
2019-06-15T11:24:12.000Z,49.901333,28.851933,28,13440
2019-06-15T11:25:11.000Z,49.904743,28.848998,28,13400
2019-06-15T11:26:29.000Z,49.90921,28.84506,28,13470
2019-06-15T11:27:05.000Z,49.911365,28.84324,28,13440
2019-06-15T11:28:05.000Z,49.914897,28.84022,28,13480
2019-06-15T11:29:05.000Z,49.918417,28.837133,28,13430
2019-06-15T11:30:05.000Z,49.92194,28.834122,28,13410
2019-06-15T11:31:23.000Z,49.92647,28.83016,28,13410
2019-06-15T11:32:12.000Z,49.9294,28.827675,28,13440
2019-06-15T11:33:17.000Z,49.93313300000001,28.824353,28,13570
2019-06-15T11:34:30.000Z,49.937263,28.820787,28,13680
2019-06-15T11:35:06.000Z,49.939237,28.81861,28,13680
2019-06-15T11:36:05.000Z,49.942582,28.815397,28,13730
2019-06-15T11:37:05.000Z,49.945833,28.812283,28,13730
2019-06-15T11:38:06.000Z,49.949263,28.809047,28,13770
2019-06-15T11:39:24.000Z,49.953435,28.804965000000006,28,13740
2019-06-15T11:43:06.000Z,49.965623,28.793362,28,13700
2019-06-15T11:44:47.000Z,49.97119,28.787965000000003,28,13730
2019-06-15T11:45:23.000Z,49.973102,28.786158,28,13710
2019-06-15T11:46:23.000Z,49.976407,28.783012,28,13770
2019-06-15T11:49:11.000Z,49.985455,28.774268,27,13780
2019-06-15T11:52:05.000Z,49.994902,28.765068,28,13730
2019-06-15T11:53:11.000Z,49.998485,28.761612,28,13790
2019-06-15T11:54:23.000Z,50.002475,28.75777,28,13760
2019-06-15T11:55:17.000Z,50.005397,28.755118,28,13820
2019-06-15T11:56:59.000Z,50.011018,28.749408000000006,28,13760
2019-06-15T11:57:29.000Z,50.01257800000001,28.747765,28,13790
2019-06-15T11:58:05.000Z,50.014677,28.745855,28,13740
2019-06-15T11:59:17.000Z,50.018703,28.741972,28,13760
2019-06-15T12:00:24.000Z,50.02235,28.738407,28,13770
2019-06-15T12:01:30.000Z,50.026098,28.734833,28,13760
2019-06-15T12:02:47.000Z,50.030357,28.730602,29,13800
2019-06-15T12:11:43.000Z,50.060095,28.701242,29,13780
2019-06-15T12:12:13.000Z,50.061865,28.69957,29,13820
2019-06-15T12:15:49.000Z,50.074027,28.687582,29,13820
2019-06-15T12:17:13.000Z,50.0787,28.682945,29,13820
2019-06-15T12:18:01.000Z,50.081367,28.680282,29,13840
2019-06-15T12:23:01.000Z,50.098147,28.663638,29,13790
2019-06-15T12:24:13.000Z,50.10217,28.659688,29,13800
2019-06-15T12:31:49.000Z,50.129268,28.636257,29,13300
2019-06-15T12:32:38.000Z,50.132175,28.633822,29,13330
2019-06-15T12:33:09.000Z,50.134073,28.632325,29,13310
2019-06-15T12:36:55.000Z,50.14786,28.620872,29,13280
2019-06-15T12:37:01.000Z,50.148237,28.62055,29,13310
2019-06-15T12:38:01.000Z,50.151845,28.617538,29,13310
2019-06-15T12:39:19.000Z,50.156668,28.613668,29,13330
2019-06-15T12:40:13.000Z,50.15951,28.611238,29,13300
2019-06-15T12:41:25.000Z,50.164317,28.607343,29,13310
2019-06-15T12:42:13.000Z,50.167093,28.604908,29,13360
2019-06-15T12:43:01.000Z,50.170085,28.602443,29,13300
2019-06-15T12:44:12.000Z,50.17432,28.598883,29,13310
2019-06-15T12:45:55.000Z,50.18052700000001,28.593812,29,13370
2019-06-15T12:46:13.000Z,50.181578,28.592842,29,13350
2019-06-15T12:47:01.000Z,50.184528,28.590358,29,13360
2019-06-15T12:51:19.000Z,50.199947,28.577275,28,13360
2019-06-15T12:56:43.000Z,50.2192,28.560817,29,13470
2019-06-15T12:57:49.000Z,50.223122,28.557328,29,13460
2019-06-15T13:02:18.000Z,50.239112,28.543467,29,13440
2019-06-15T13:03:31.000Z,50.243475,28.539702,29,13400
2019-06-15T13:04:01.000Z,50.24523,28.53821,29,13380
2019-06-15T13:05:25.000Z,50.250175,28.533957,29,13380
2019-06-15T13:06:36.000Z,50.254495,28.53018,28,13390
2019-06-15T13:07:01.000Z,50.255905,28.52901,28,13350
2019-06-15T13:08:01.000Z,50.259545,28.525973,29,13350
2019-06-15T13:09:18.000Z,50.264173,28.521985,29,13400
2019-06-15T13:10:07.000Z,50.267098,28.5196,29,13340
2019-06-15T13:11:01.000Z,50.270263,28.51678,29,13380
2019-06-15T13:12:25.000Z,50.275333,28.512573,29,13350
2019-06-15T13:14:12.000Z,50.281863,28.507122,29,13310
2019-06-15T13:15:31.000Z,50.286608,28.503237,29,13290
2019-06-15T13:16:55.000Z,50.29167800000001,28.499023,28,13370
2019-06-15T13:17:07.000Z,50.29238,28.4985,28,13440
2019-06-15T13:18:08.000Z,50.29596,28.495365000000003,28,13400
2019-06-15T13:19:43.000Z,50.301572,28.490422,28,13490
2019-06-15T13:20:01.000Z,50.302622,28.489493,28,13480
2019-06-15T13:21:01.000Z,50.30612,28.486423,28,13480
2019-06-15T13:22:01.000Z,50.309692,28.483323,28,13500
2019-06-15T13:23:37.000Z,50.315305,28.478422,28,13470
2019-06-15T13:24:08.000Z,50.317065,28.476892,28,13390
2019-06-15T13:25:19.000Z,50.321305,28.473197,28,13470
2019-06-15T13:27:01.000Z,50.327307,28.468068,28,13360
2019-06-15T13:28:44.000Z,50.333377,28.462875,28,13410
2019-06-15T13:29:12.000Z,50.335055,28.46137,28,13370
2019-06-15T13:30:55.000Z,50.341138,28.45625,28,13370
2019-06-15T13:31:12.000Z,50.342148,28.455348,28,13400
2019-06-15T13:32:07.000Z,50.345377,28.452608,28,13340
2019-06-15T13:33:01.000Z,50.348608,28.449875,28,13350
2019-06-15T13:34:18.000Z,50.353135,28.446027,28,13400
2019-06-15T13:35:19.000Z,50.356712,28.44296,28,13400
2019-06-15T13:36:01.000Z,50.359227,28.440907,28,13340
2019-06-15T13:37:13.000Z,50.363485,28.437277,28,13380
2019-06-15T13:38:01.000Z,50.366273,28.434893,28,13330
2019-06-15T13:39:01.000Z,50.369875,28.431832,28,13360
2019-06-15T13:40:13.000Z,50.37410300000001,28.428235,28,13320
2019-06-15T13:41:13.000Z,50.377653,28.425215,28,13450
2019-06-15T13:42:26.000Z,50.381897,28.421522,28,13450
2019-06-15T13:43:01.000Z,50.383987,28.419675,28,13450
2019-06-15T13:44:01.000Z,50.38749,28.416632,28,13470
2019-06-15T13:45:01.000Z,50.391017,28.413537,28,13460
2019-06-15T13:46:01.000Z,50.3945,28.410490000000006,28,13440
2019-06-15T13:47:01.000Z,50.397952,28.407425,28,13440
2019-06-15T13:48:44.000Z,50.403895,28.402192,28,13510
2019-06-15T13:49:01.000Z,50.404965,28.40125,28,13460
2019-06-15T13:50:37.000Z,50.410567,28.396385,28,13440
2019-06-15T13:51:31.000Z,50.413687,28.393623,28,13470
2019-06-15T13:52:19.000Z,50.41651,28.391132,28,13440
2019-06-15T13:53:04.000Z,50.418923,28.388998,28,13490
2019-06-15T13:54:13.000Z,50.423105,28.385442,28,13490
2019-06-15T13:55:01.000Z,50.425887,28.382935,28,13420
2019-06-15T13:56:01.000Z,50.4294,28.379833,28,13470
2019-06-15T13:58:01.000Z,50.436413,28.373658,28,13450
2019-06-15T13:59:44.000Z,50.442308,28.3685,28,13440
2019-06-15T14:00:01.000Z,50.443378,28.367577,28,13470
2019-06-15T14:02:25.000Z,50.451775,28.360208,28,13490
2019-06-15T14:05:19.000Z,50.461965,28.351295,28,13420
2019-06-15T14:06:25.000Z,50.465797,28.347905,28,13410
2019-06-15T14:07:19.000Z,50.46896,28.345125,29,13480
2019-06-15T14:08:07.000Z,50.47177,28.342717,29,13430
2019-06-15T14:09:19.000Z,50.475937,28.33902,28,13430
2019-06-15T14:10:01.000Z,50.47847,28.336862,29,13430
2019-06-15T14:11:01.000Z,50.48199,28.333742,28,13450
2019-06-15T14:12:13.000Z,50.486267,28.330132,29,13450
2019-06-15T14:13:01.000Z,50.48908,28.327668,29,13450
2019-06-15T14:14:07.000Z,50.492943,28.324198,29,13430
2019-06-15T14:15:07.000Z,50.496468,28.321062,29,13430
2019-06-15T14:16:01.000Z,50.499693,28.318292,29,13470
2019-06-15T14:17:01.000Z,50.503215,28.315108,29,13510
2019-06-15T14:18:00.000Z,50.506763,28.311938,29,13500
2019-06-15T14:19:00.000Z,50.510328,28.308798,29,13500
2019-06-15T14:20:00.000Z,50.513838,28.305723,29,13460
2019-06-15T14:21:25.000Z,50.51883,28.301378000000003,29,13470
2019-06-15T14:22:07.000Z,50.521298,28.299183000000006,29,13450
2019-06-15T14:23:01.000Z,50.524468,28.296352,29,13450
2019-06-15T14:24:00.000Z,50.528007,28.293217,29,13430
2019-06-15T14:25:07.000Z,50.531942,28.289843,29,13410
2019-06-15T14:26:07.000Z,50.535542,28.286722,29,13400
2019-06-15T14:27:07.000Z,50.539123,28.283643,29,13460
2019-06-15T14:29:12.000Z,50.546543,28.27711,29,13460
2019-06-15T14:30:37.000Z,50.551572,28.272767,29,13410
2019-06-15T14:31:01.000Z,50.553013,28.271545,29,13440
2019-06-15T14:32:13.000Z,50.557223,28.268063,29,13430
2019-06-15T14:35:30.000Z,50.56891,28.257732,29,13420
2019-06-15T14:36:13.000Z,50.571338,28.25545,29,13430
2019-06-15T14:37:25.000Z,50.575545,28.251818,28,13410
2019-06-15T14:38:01.000Z,50.577747,28.249873,28,13400
2019-06-15T14:39:01.000Z,50.581272,28.246863,28,13420
2019-06-15T14:40:01.000Z,50.58479000000001,28.243827000000003,28,13420
2019-06-15T14:41:07.000Z,50.58859,28.240457,28,13480
2019-06-15T14:42:01.000Z,50.591885,28.23778,28,13380
2019-06-15T14:43:02.000Z,50.595347,28.234682,28,13460
2019-06-15T14:44:01.000Z,50.598732,28.231637,28,13470
2019-06-15T14:46:07.000Z,50.60613,28.225225,28,13450
2019-06-15T14:47:01.000Z,50.609435,28.222433,28,13410
2019-06-15T14:49:43.000Z,50.618882,28.214185,29,13380
2019-06-15T14:50:08.000Z,50.62033,28.212932,29,13380
2019-06-15T14:51:08.000Z,50.623822,28.209885,29,13400
2019-06-15T14:54:01.000Z,50.63417000000001,28.200978000000006,29,13400
2019-06-15T14:55:01.000Z,50.637738,28.197927000000004,29,13430
2019-06-15T14:56:19.000Z,50.64239,28.193915000000004,29,13420
2019-06-15T14:57:06.000Z,50.645282,28.191487,29,13430
2019-06-15T14:58:01.000Z,50.648522,28.188682,29,13370
2019-06-15T14:59:37.000Z,50.65423300000001,28.183773,29,13400
2019-06-15T15:00:13.000Z,50.656373,28.181937,29,13360
2019-06-15T15:02:13.000Z,50.66349,28.175823,29,13360
2019-06-15T15:03:06.000Z,50.666718,28.173077000000006,29,13410
2019-06-15T15:04:13.000Z,50.670668,28.169737,29,13330
2019-06-15T15:05:19.000Z,50.674607,28.166452000000003,29,13390
2019-06-15T15:06:13.000Z,50.677877,28.163695,29,13320
2019-06-15T15:07:19.000Z,50.681735,28.160368,29,13360
2019-06-15T15:09:01.000Z,50.687818,28.15517,29,13340
2019-06-15T15:11:19.000Z,50.695967,28.148213,29,13360
2019-06-15T15:12:13.000Z,50.699243,28.145438,28,13360
2019-06-15T15:13:25.000Z,50.703557,28.141863,29,13370
2019-06-15T15:14:36.000Z,50.707705,28.138387,29,13380
2019-06-15T15:15:00.000Z,50.709197,28.13699,29,13340
2019-06-15T15:16:13.000Z,50.713547,28.133277000000003,29,13430
2019-06-15T15:17:37.000Z,50.71846,28.128963,29,13390
2019-06-15T15:18:13.000Z,50.720608,28.12711,29,13430
2019-06-15T15:19:37.000Z,50.725527,28.122835,29,13430
2019-06-15T15:20:31.000Z,50.728638,28.120152,29,13420
2019-06-15T15:22:19.000Z,50.735115,28.114553000000004,29,13360
2019-06-15T15:23:12.000Z,50.738297,28.111762,29,13440
2019-06-15T15:25:06.000Z,50.744977,28.106038,29,13420
2019-06-15T15:26:55.000Z,50.751395,28.100447,29,13410
2019-06-15T15:27:37.000Z,50.753913,28.098282,29,13360
2019-06-15T15:28:01.000Z,50.755308,28.097053,29,13410
2019-06-15T15:30:01.000Z,50.76254,28.091,29,13470
2019-06-15T15:31:31.000Z,50.767815,28.086265,29,13390
2019-06-15T15:32:01.000Z,50.769587,28.084737,29,13400
2019-06-15T15:34:43.000Z,50.77925,28.076495,28,13390
2019-06-15T15:35:14.000Z,50.781445,28.074623,29,13510
2019-06-15T15:35:18.000Z,50.781445,28.074623,29,13510
2019-06-15T15:37:13.000Z,50.787902,28.068588,29,13590
2019-06-15T15:38:12.000Z,50.791345,28.065622,29,13620
2019-06-15T15:39:19.000Z,50.79512,28.062045,29,13610
2019-06-15T15:40:12.000Z,50.798173,28.059152,29,13470
2019-06-15T15:41:19.000Z,50.802172,28.055908,29,13360
2019-06-15T15:42:01.000Z,50.804718,28.053512,29,13260
2019-06-15T15:43:07.000Z,50.808532,28.05043,28,13260
2019-06-15T15:44:01.000Z,50.812055,28.047503000000006,29,13280
2019-06-15T15:45:07.000Z,50.815987,28.044232,29,13240
2019-06-15T15:46:19.000Z,50.82041,28.04062,29,13280
2019-06-15T15:47:08.000Z,50.823238,28.038323,29,13210
2019-06-15T15:49:20.000Z,50.83131,28.031682,29,13230
2019-06-15T16:02:01.000Z,50.877163,27.99377,28,13330
2019-06-15T16:03:37.000Z,50.882958,27.988918,29,13250
2019-06-15T16:12:31.000Z,50.91500300000001,27.962423,28,13260
2019-06-15T16:34:01.000Z,50.99276,27.89732,29,13350
2019-06-15T16:36:55.000Z,51.003192,27.888383,29,13410
2019-06-15T16:46:07.000Z,51.036193,27.859952000000003,29,13360
2019-06-15T17:53:37.000Z,51.26718,27.641265,29,13820
2019-06-15T17:54:43.000Z,51.270798,27.637715000000004,29,13820
2019-06-15T17:58:31.000Z,51.283332,27.625043,29,13790
2019-06-15T18:00:01.000Z,51.288313,27.620097,29,13800
2019-06-15T18:01:30.000Z,51.293157,27.615122,29,13830
2019-06-15T18:02:00.000Z,51.29482700000001,27.613582,29,13790
2019-06-15T18:03:42.000Z,51.300327,27.608075,29,13820
2019-06-15T18:04:07.000Z,51.301775,27.606617,29,13800
2019-06-15T18:09:55.000Z,51.32082800000001,27.58737,29,13880
2019-06-15T18:10:37.000Z,51.323135,27.585073,29,13890
2019-06-15T18:11:07.000Z,51.324787,27.583077000000007,29,13890
2019-06-15T18:13:00.000Z,51.330872,27.576975,29,13910
2019-06-15T18:14:00.000Z,51.334105,27.573618,29,13930
2019-06-15T18:15:00.000Z,51.33737,27.570267,29,13950
2019-06-15T18:17:42.000Z,51.346303000000006,27.56103,29,13960
2019-06-15T18:19:30.000Z,51.352072,27.554743,29,13890
2019-06-15T18:20:30.000Z,51.355418,27.551517,29,13970
2019-06-15T18:21:13.000Z,51.35776,27.549107,29,13920
2019-06-15T18:22:31.000Z,51.36195,27.544690000000006,29,13960
2019-06-15T18:28:13.000Z,51.381903,27.526073,29,13450
2019-06-15T18:30:55.000Z,51.391595,27.517487,29,13500
2019-06-15T18:35:36.000Z,51.408605,27.503347,29,13180
2019-06-15T18:36:01.000Z,51.410148,27.501712,29,13190
2019-06-15T18:39:55.000Z,51.425072,27.491333,28,12480
2019-06-15T18:40:01.000Z,51.425483,27.491103000000006,28,12440
2019-06-15T18:41:19.000Z,51.430723,27.488042,28,12200
2019-06-15T18:43:01.000Z,51.437763,27.484182,28,12110
2019-06-15T18:45:37.000Z,51.448473,27.477968,28,12460
2019-06-15T18:46:06.000Z,51.450468,27.476838,28,12360
2019-06-15T18:47:55.000Z,51.457497,27.472108,29,12900
2019-06-15T18:48:13.000Z,51.458623,27.471233,29,13130
2019-06-15T18:57:04.000Z,51.488297,27.442372,28,13060
2019-06-15T19:02:48.000Z,51.512668,27.430667,28,11550
2019-06-15T19:03:01.000Z,51.51355,27.430290000000007,28,11570
2019-06-15T19:07:55.000Z,51.535073,27.421025,28,11480
2019-06-15T19:15:24.000Z,51.568365,27.406683,29,11510
2019-06-15T19:16:24.000Z,51.572775,27.404942,29,11510
2019-06-15T19:20:55.000Z,51.59288,27.396385,29,11510
2019-06-15T19:21:11.000Z,51.593788,27.395817,29,11500
2019-06-15T19:22:33.000Z,51.599907,27.393353,29,11530
2019-06-15T19:23:19.000Z,51.603513,27.391362,29,11560
2019-06-15T19:24:13.000Z,51.607492,27.38998,28,11430
2019-06-15T19:25:07.000Z,51.611483,27.388357,28,11520
2019-06-15T19:26:18.000Z,51.616747,27.386133,29,11550
2019-06-15T19:27:18.000Z,51.621212,27.384183,29,11510
2019-06-15T19:28:01.000Z,51.624367,27.382817,29,11570
2019-06-15T19:29:01.000Z,51.628798,27.380878000000006,29,11570
2019-06-15T19:30:00.000Z,51.633193,27.378905,29,11580
2019-06-15T19:33:19.000Z,51.647788,27.372392,29,11560
2019-06-15T19:34:43.000Z,51.654095,27.369845,28,11380
2019-06-15T19:35:01.000Z,51.655413,27.369338,28,11410
2019-06-15T19:36:00.000Z,51.659862,27.367588,28,11370
2019-06-15T19:37:00.000Z,51.664347,27.365855,28,11290
2019-06-15T19:39:12.000Z,51.6742,27.362213,28,11080
2019-06-15T19:40:01.000Z,51.677957,27.360992,28,11050
2019-06-15T19:41:30.000Z,51.684708,27.35843,28,11080
2019-06-15T19:42:01.000Z,51.687027,27.357648,28,11070
2019-06-15T19:43:01.000Z,51.691555,27.356005,28,11090
2019-06-15T19:44:01.000Z,51.696123,27.354432,28,11060
2019-06-15T19:45:01.000Z,51.700697,27.352997,28,11050
2019-06-15T19:46:01.000Z,51.705195,27.351435,28,11110
2019-06-15T19:47:01.000Z,51.70986,27.349708000000003,28,11130
2019-06-15T19:48:01.000Z,51.714323,27.34829,28,11140
2019-06-15T19:49:43.000Z,51.722138,27.345367,28,11140
2019-06-15T19:49:49.000Z,51.722598,27.345213,28,11110
2019-06-15T19:50:07.000Z,51.723895,27.34475,28,11100
2019-06-15T19:51:01.000Z,51.727995,27.343192,28,11220
2019-06-15T19:52:01.000Z,51.732357,27.341413,28,11570
2019-06-15T19:53:24.000Z,51.738547,27.338587,29,11760
2019-06-15T19:54:36.000Z,51.743575,27.336337,29,11770
2019-06-15T19:55:01.000Z,51.745418,27.335487,29,11780
2019-06-15T19:56:01.000Z,51.749708,27.333282,29,11790
2019-06-15T19:57:18.000Z,51.755287,27.330687,29,11820
2019-06-15T19:58:01.000Z,51.758477,27.328895000000006,29,11870
2019-06-15T20:00:01.000Z,51.76711,27.324682,29,11890
2019-06-15T20:01:06.000Z,51.771883,27.322263,29,11910
2019-06-15T20:02:37.000Z,51.778323,27.319085,29,11880
2019-06-15T20:03:12.000Z,51.780802,27.317928,29,11910
2019-06-15T20:05:37.000Z,51.791333,27.312727,29,11910
2019-06-15T20:06:12.000Z,51.793858,27.311333,29,11850
2019-06-15T20:07:07.000Z,51.797852,27.309463,29,11900
2019-06-15T20:08:19.000Z,51.803038,27.30678,29,11900
2019-06-15T20:09:07.000Z,51.806467,27.305222,29,11880
2019-06-15T20:10:07.000Z,51.810813,27.302955,29,11870
2019-06-15T20:11:31.000Z,51.816862,27.300040000000006,29,11920
2019-06-15T20:12:13.000Z,51.81991,27.298333000000003,29,11920
2019-06-15T20:13:07.000Z,51.823868,27.29643,29,11930
2019-06-15T20:14:01.000Z,51.82771,27.294695,29,11890
2019-06-15T20:15:01.000Z,51.83209,27.292525,29,11900
2019-06-15T20:16:01.000Z,51.836435,27.290368,29,11900
2019-06-15T20:17:01.000Z,51.8408,27.287868,29,11890
2019-06-15T20:18:01.000Z,51.845132,27.285685,29,11900
2019-06-15T20:19:01.000Z,51.84943,27.283590000000004,29,11960
2019-06-15T20:20:01.000Z,51.85377800000001,27.281332,29,11970
2019-06-15T20:21:01.000Z,51.858075,27.279085,29,11940
2019-06-15T20:22:01.000Z,51.862405,27.277097,29,11930
2019-06-15T20:23:02.000Z,51.86676,27.274875,29,11900
2019-06-15T20:24:01.000Z,51.871095,27.272803000000003,29,11910
2019-06-15T20:25:01.000Z,51.875402,27.270303,29,11880
2019-06-15T20:26:01.000Z,51.87977,27.268347,29,11920
2019-06-15T20:27:01.000Z,51.884073,27.265982,29,11920
2019-06-15T20:28:07.000Z,51.888892,27.263593,29,11910
2019-06-15T20:29:01.000Z,51.8927,27.261963,29,11960
2019-06-15T20:30:01.000Z,51.897033,27.259435,29,11930
2019-06-15T20:31:01.000Z,51.90136500000001,27.257603000000003,29,11930
2019-06-15T20:32:07.000Z,51.906078,27.255207,29,11930
2019-06-15T20:33:07.000Z,51.910417,27.253052,29,11820
2019-06-15T20:34:01.000Z,51.914313,27.251122,29,11830
2019-06-15T20:35:37.000Z,51.921273,27.247435,29,11840
2019-06-15T20:36:01.000Z,51.923018,27.246585,29,11840
2019-06-15T20:37:01.000Z,51.927347,27.244792,29,11810
2019-06-15T20:38:01.000Z,51.93169,27.242778,29,11780
2019-06-15T20:39:01.000Z,51.935943,27.240668,28,11790
2019-06-15T20:40:01.000Z,51.94031,27.238623,28,11840
2019-06-15T20:41:01.000Z,51.944582,27.236338,29,11830
2019-06-15T20:42:01.000Z,51.948913,27.234295,28,11810
2019-06-15T20:43:01.000Z,51.953207,27.2324,28,11820
2019-06-15T20:44:01.000Z,51.957527,27.230372,28,11820
2019-06-15T20:45:07.000Z,51.962323,27.228075,28,11770
2019-06-15T20:46:00.000Z,51.966142,27.226242,28,11750
2019-06-15T20:47:01.000Z,51.970465,27.224042,28,11750
2019-06-15T20:48:01.000Z,51.974795,27.222182,28,11760
2019-06-15T20:49:00.000Z,51.97908,27.219913,28,11780
2019-06-15T20:50:00.000Z,51.98339,27.218097,28,11750
2019-06-15T20:51:01.000Z,51.987648,27.215798,28,11770
2019-06-15T20:52:00.000Z,51.991967,27.214033,28,11730
2019-06-15T20:53:19.000Z,51.997472,27.211445,28,11710
2019-06-15T20:54:07.000Z,52.001002,27.209762,28,11710
2019-06-15T20:55:01.000Z,52.004928,27.207972,28,11700
2019-06-15T20:56:07.000Z,52.009617,27.205758000000003,28,11690
2019-06-15T20:57:12.000Z,52.014383,27.203613,28,11690
2019-06-15T20:58:01.000Z,52.017827,27.201970000000006,28,11700
2019-06-15T20:59:01.000Z,52.02215,27.199728000000004,28,11690
2019-06-15T21:00:12.000Z,52.027298,27.197612,28,11700
2019-06-15T21:01:01.000Z,52.030762,27.196052,28,11730
2019-06-15T21:02:12.000Z,52.035967,27.193635,28,11680
2019-06-15T21:03:37.000Z,52.041957,27.19094,28,11640
2019-06-15T21:04:00.000Z,52.043703,27.190133000000003,28,11680
2019-06-15T21:05:18.000Z,52.049273,27.187607,28,11660
2019-06-15T21:06:18.000Z,52.05355,27.185685,28,11620
2019-06-15T21:07:07.000Z,52.05716500000001,27.184033000000003,28,11700
2019-06-15T21:08:13.000Z,52.061843,27.181847,28,11650
2019-06-15T21:09:12.000Z,52.066113,27.180007,28,11630
2019-06-15T21:10:07.000Z,52.070033,27.17801,28,11600
2019-06-15T21:11:01.000Z,52.073983,27.17619,28,11610
2019-06-15T21:12:18.000Z,52.079552,27.174065,28,11610
2019-06-15T21:13:12.000Z,52.083365,27.17237,28,11610
2019-06-15T21:14:01.000Z,52.086882,27.170825,28,11620
2019-06-15T21:15:01.000Z,52.09126,27.168583,28,11610
2019-06-15T21:16:01.000Z,52.095498,27.166765,28,11630
2019-06-15T21:17:06.000Z,52.100113,27.165025,27,11680
2019-06-15T21:18:13.000Z,52.104865,27.16293,27,11670
2019-06-15T21:19:01.000Z,52.108292,27.161368,28,11620
2019-06-15T21:20:01.000Z,52.11253,27.159523,27,11610
2019-06-15T21:21:37.000Z,52.119347,27.156437,27,11610
2019-06-15T21:23:25.000Z,52.12700200000001,27.15312,27,11610
2019-06-15T21:24:12.000Z,52.130335,27.151635,27,11620
2019-06-15T21:25:25.000Z,52.13549,27.149295,27,11600
2019-06-15T21:26:25.000Z,52.139755,27.147398,27,11640
2019-06-15T21:27:25.000Z,52.143972,27.145575,27,11610
2019-06-15T21:29:07.000Z,52.151165,27.142323,27,11670
2019-06-15T21:30:13.000Z,52.155887,27.140263,27,11650
2019-06-15T21:31:07.000Z,52.159655,27.138672,27,11110
2019-06-15T21:32:07.000Z,52.163955,27.137258000000006,27,10900
2019-06-15T21:33:07.000Z,52.168445,27.136,27,10730
2019-06-15T21:35:00.000Z,52.176905,27.13366,27,10640
2019-06-15T21:36:00.000Z,52.18136,27.132472,27,10640
2019-06-15T21:37:13.000Z,52.186883,27.130882,27,10610
2019-06-15T22:04:25.000Z,52.297107,27.075642,27,12130
2019-06-15T22:05:07.000Z,52.30032,27.073915000000003,27,12070
2019-06-15T22:06:14.000Z,52.304302,27.071545,27,12090
2019-06-15T22:07:15.000Z,52.30915200000001,27.068948,27,12040
2019-06-15T22:08:31.000Z,52.314348,27.066267,27,12050
2019-06-15T22:09:06.000Z,52.31672800000001,27.064903,27,12070
2019-06-15T22:10:43.000Z,52.323142,27.061257,27,12040
2019-06-15T22:11:13.000Z,52.325113,27.060465,27,12080
2019-06-15T22:12:13.000Z,52.329148,27.058342,27,12100
2019-06-15T22:13:06.000Z,52.332638,27.056457,27,12100
2019-06-15T22:14:01.000Z,52.33641,27.054140000000004,27,12050
2019-06-15T22:15:02.000Z,52.340015,27.052192,27,12040
2019-06-15T22:16:01.000Z,52.34447700000001,27.050173,27,12030
2019-06-15T22:17:13.000Z,52.349277,27.047235,27,12080
2019-06-15T22:18:00.000Z,52.352413,27.045793,27,12070
2019-06-15T22:19:00.000Z,52.356492,27.043503,27,12020
2019-06-15T22:20:00.000Z,52.360457,27.0416,27,12080
2019-06-15T22:21:00.000Z,52.364488,27.039437,27,12120
2019-06-15T22:22:01.000Z,52.36858,27.037228,27,12010
2019-06-15T22:23:01.000Z,52.372648,27.035063,27,12100
2019-06-15T22:24:01.000Z,52.376663,27.032905,27,12020
2019-06-15T22:25:07.000Z,52.381168,27.030552,28,12100
2019-06-15T22:26:07.000Z,52.38519,27.028298,28,12100
2019-06-15T22:27:04.000Z,52.388908,27.02634,28,12080
2019-06-15T22:28:07.000Z,52.393352,27.023907,28,12090
2019-06-15T22:29:01.000Z,52.396997,27.021913,28,12090
2019-06-15T22:30:01.000Z,52.401122,27.019735,28,12070
2019-06-15T22:31:07.000Z,52.405615,27.017282,28,12070
2019-06-15T22:32:01.000Z,52.409272,27.015337,28,12110
2019-06-15T22:33:19.000Z,52.41456,27.012268,28,12080
2019-06-15T22:34:02.000Z,52.417078,27.011168,28,12090
2019-06-15T22:35:14.000Z,52.422307,27.008113,28,12140
2019-06-15T22:36:01.000Z,52.425607,27.00638,28,12090
2019-06-15T22:37:01.000Z,52.429662,27.004358,28,12180
2019-06-15T22:38:25.000Z,52.435363,27.00126,27,12070
2019-06-15T22:39:13.000Z,52.438607,26.999473,27,12090
2019-06-15T22:40:06.000Z,52.442185,26.997178,28,12130
2019-06-15T22:41:06.000Z,52.446223,26.995155,27,12060
2019-06-15T22:42:13.000Z,52.45075300000001,26.992565000000006,28,12160
2019-06-15T22:43:13.000Z,52.45477,26.9907,28,12080
2019-06-15T22:44:37.000Z,52.46058299999999,26.987448,28,12100
2019-06-15T22:45:01.000Z,52.46216,26.986597,28,12100
2019-06-15T22:46:07.000Z,52.466527,26.984367,28,12100
2019-06-15T22:47:25.000Z,52.471853,26.981385,28,11820
2019-06-15T22:48:01.000Z,52.474377,26.980008,28,11770
2019-06-15T22:49:01.000Z,52.47857,26.978318,28,11600
2019-06-15T22:50:13.000Z,52.483758,26.976092,28,11580
2019-06-15T22:51:01.000Z,52.48719300000001,26.974573,28,11600
2019-06-15T22:52:01.000Z,52.491513,26.97271,28,11550
2019-06-15T22:53:13.000Z,52.496658,26.970443,28,11510
2019-06-15T22:54:13.000Z,52.500938,26.968583,28,11530
2019-06-15T22:55:13.000Z,52.50536,26.966737,28,11570
2019-06-15T22:56:07.000Z,52.509315,26.965013,28,11570
2019-06-15T22:57:06.000Z,52.513575,26.963077,28,11560
2019-06-15T22:58:25.000Z,52.51914,26.960607,28,11550
2019-06-15T22:59:01.000Z,52.521747,26.959483,28,11570
2019-06-15T23:00:07.000Z,52.526515,26.957462,28,11570
2019-06-15T23:01:06.000Z,52.530883,26.955547,28,11560
2019-06-15T23:02:07.000Z,52.535147,26.953677000000006,28,11600
2019-06-15T23:03:13.000Z,52.539915,26.951608,28,11420
2019-06-15T23:04:07.000Z,52.543962,26.950022,28,11370
2019-06-15T23:05:13.000Z,52.5487,26.94816,28,11430
2019-06-15T23:06:25.000Z,52.553948,26.946053000000006,28,11390
2019-06-15T23:07:13.000Z,52.557508,26.944673,28,11350
2019-06-15T23:08:13.000Z,52.56189300000001,26.942877000000006,28,11370
2019-06-15T23:09:13.000Z,52.56626800000001,26.940827,28,11390
2019-06-15T23:10:13.000Z,52.57066500000001,26.939398,28,11300
2019-06-15T23:11:07.000Z,52.574688,26.937877,28,11340
2019-06-15T23:12:13.000Z,52.579528,26.935935,28,11330
2019-06-15T23:13:06.000Z,52.583525,26.934358000000003,28,11320
2019-06-15T23:14:00.000Z,52.587557,26.932788,28,11330
2019-06-15T23:15:01.000Z,52.592022,26.931038,28,11320
2019-06-15T23:16:00.000Z,52.596372,26.92911,28,11330
2019-06-15T23:17:00.000Z,52.600818,26.927682,28,11340
2019-06-15T23:18:00.000Z,52.605252,26.925942,28,11280
2019-06-15T23:19:00.000Z,52.609730000000006,26.924187,28,11360
2019-06-15T23:20:00.000Z,52.614172,26.922378,28,11360
2019-06-15T23:21:01.000Z,52.618748,26.920557,28,11300
2019-06-15T23:22:01.000Z,52.623183,26.918648,28,11350
2019-06-15T23:23:01.000Z,52.627665,26.917318,29,11380
2019-06-15T23:24:01.000Z,52.632097,26.91548,28,11320
2019-06-15T23:25:06.000Z,52.636985,26.913352000000003,28,11250
2019-06-15T23:26:01.000Z,52.640978,26.91205,28,11450
2019-06-15T23:27:01.000Z,52.645397,26.910175,28,11510
2019-06-15T23:28:06.000Z,52.650175,26.9081,28,11580
2019-06-15T23:29:06.000Z,52.654525,26.906287,28,11540
2019-06-15T23:30:02.000Z,52.658538,26.90459,28,11540
2019-06-15T23:31:01.000Z,52.66294499999999,26.90267,28,11540
2019-06-15T23:32:06.000Z,52.667673,26.900648,28,11530
2019-06-15T23:33:18.000Z,52.672935,26.898013,28,11560
2019-06-15T23:34:06.000Z,52.676347,26.896912,28,11570
2019-06-15T23:35:06.000Z,52.680678,26.895063,28,11540
2019-06-15T23:36:12.000Z,52.685483,26.892948,28,11560
2019-06-15T23:37:01.000Z,52.689062,26.891452,28,11520
2019-06-15T23:38:06.000Z,52.693775,26.889108,28,11530
2019-06-15T23:39:01.000Z,52.697738,26.88741,28,11500
2019-06-15T23:40:07.000Z,52.70256800000001,26.885382,28,11560
2019-06-15T23:41:00.000Z,52.706392,26.883647,28,11700
2019-06-15T23:42:01.000Z,52.710683,26.8817,28,11790
2019-06-15T23:43:01.000Z,52.7149,26.879882,28,11830
2019-06-15T23:44:01.000Z,52.71914200000001,26.877567,28,11790
2019-06-15T23:45:13.000Z,52.72434499999999,26.875217,28,11830
2019-06-15T23:46:13.000Z,52.728407,26.873165000000004,28,11780
2019-06-15T23:47:06.000Z,52.732212,26.87159,28,11760
2019-06-15T23:48:03.000Z,52.736102,26.869382,28,11760
2019-06-15T23:49:20.000Z,52.741572,26.867037,28,11810
2019-06-15T23:50:14.000Z,52.745398,26.865252,28,11810
2019-06-15T23:51:00.000Z,52.748825,26.863532,28,11850
2019-06-15T23:52:06.000Z,52.753572,26.861313,28,11800
2019-06-15T23:53:02.000Z,52.75737,26.859413,28,11830
2019-06-15T23:54:07.000Z,52.762068000000006,26.857062,28,11810
2019-06-15T23:55:02.000Z,52.76589300000001,26.855362,28,11820
2019-06-15T23:56:07.000Z,52.77059499999999,26.852882,28,11870
2019-06-15T23:57:07.000Z,52.774807,26.851052000000006,28,11790
2019-06-15T23:58:13.000Z,52.779438,26.848493,28,11790
2019-06-15T23:59:01.000Z,52.782837,26.847022,28,11780
2019-06-16T00:00:00.000Z,52.78704200000001,26.84483,28,11810
2019-06-16T00:01:06.000Z,52.791682,26.842628,28,11760
2019-06-16T00:02:06.000Z,52.795785,26.840655,28,11760
2019-06-16T00:03:01.000Z,52.799807,26.839027,28,11810
2019-06-16T00:04:03.000Z,52.803957,26.836778,28,11810
2019-06-16T00:05:01.000Z,52.808272,26.834748,28,11800
2019-06-16T00:06:01.000Z,52.812485,26.832712,27,11650
2019-06-16T00:07:01.000Z,52.816637,26.830962,28,11730
2019-06-16T00:08:06.000Z,52.82125300000001,26.828573,27,11800
2019-06-16T00:09:06.000Z,52.82554200000001,26.82676,28,11820
2019-06-16T00:10:01.000Z,52.829385,26.824668,28,11830
2019-06-16T00:11:01.000Z,52.83359300000001,26.822678000000003,28,11760
2019-06-16T00:12:13.000Z,52.838615,26.820412,28,11780
2019-06-16T00:13:06.000Z,52.84245500000001,26.818737,28,11800
2019-06-16T00:14:22.000Z,52.847557,26.81606,28,11780
2019-06-16T00:15:35.000Z,52.85129300000001,26.814663,28,11720
2019-06-16T00:16:37.000Z,52.857312,26.811532,28,11680
2019-06-16T00:17:55.000Z,52.862858,26.808948,28,11710
2019-06-16T00:19:01.000Z,52.867432,26.806915000000004,28,11730
2019-06-16T00:21:55.000Z,52.879897,26.80122,28,11640
2019-06-16T00:22:13.000Z,52.881147,26.800855,28,11720
2019-06-16T00:23:07.000Z,52.884978,26.799097,28,11680
2019-06-16T00:24:17.000Z,52.888002,26.797302,28,11770
2019-06-16T00:25:07.000Z,52.893552,26.79496,28,11620
2019-06-16T00:26:27.000Z,52.89875,26.792737,28,11720
2019-06-16T00:27:10.000Z,52.901723,26.790923,28,11780
2019-06-16T00:28:02.000Z,52.905937,26.789302000000006,28,11690
2019-06-16T00:29:05.000Z,52.910268,26.787365,28,11680
2019-06-16T00:30:06.000Z,52.91419200000001,26.785158000000006,28,11740
2019-06-16T00:31:09.000Z,52.919348,26.783152,28,11720
2019-06-16T00:32:04.000Z,52.9232,26.781288,28,11730
2019-06-16T00:34:26.000Z,52.93306800000001,26.776768,28,11730
2019-06-16T00:35:43.000Z,52.938585,26.774108,28,11760
2019-06-16T00:40:07.000Z,52.957253,26.765142,29,11730
2019-06-16T00:41:18.000Z,52.963407,26.762103000000003,29,11760
2019-06-16T00:42:36.000Z,52.96915300000001,26.759468,29,11700
2019-06-16T00:43:06.000Z,52.970508,26.758872,29,11740
2019-06-16T00:44:07.000Z,52.975692,26.756365,29,11720
2019-06-16T00:45:00.000Z,52.979563,26.754488,29,11770
2019-06-16T00:46:01.000Z,52.98399300000001,26.752433,29,11760
2019-06-16T00:47:06.000Z,52.988798,26.750182,29,11760
2019-06-16T00:48:07.000Z,52.99316,26.748502,29,11790
2019-06-16T00:49:07.000Z,52.99748,26.746393,29,11800
2019-06-16T00:50:07.000Z,53.00184300000001,26.744028000000004,29,11750
2019-06-16T00:51:26.000Z,53.006142,26.742013,28,11720
2019-06-16T00:52:01.000Z,53.00995699999999,26.740342,28,11770
2019-06-16T00:53:01.000Z,53.014295,26.738493,28,11770
2019-06-16T00:54:17.000Z,53.01943299999999,26.735777,28,11800
2019-06-16T00:56:37.000Z,53.028535,26.73161,28,11780
2019-06-16T00:57:13.000Z,53.032333,26.729887,28,11810
2019-06-16T00:58:25.000Z,53.03746999999999,26.727445,28,11800
2019-06-16T00:59:12.000Z,53.040933,26.725488,28,11760
2019-06-16T01:01:02.000Z,53.046803,26.722822,28,11800
2019-06-16T01:02:03.000Z,53.051977,26.720322,28,11750
2019-06-16T01:03:07.000Z,53.05759000000001,26.717497,28,11820
2019-06-16T01:04:18.000Z,53.061853,26.715390000000006,28,11840
2019-06-16T01:05:13.000Z,53.066123,26.713385,28,11830
2019-06-16T01:06:35.000Z,53.072107,26.710427000000006,28,11770
2019-06-16T01:07:04.000Z,53.073835,26.709605,28,11780
2019-06-16T01:08:08.000Z,53.078062,26.707548,28,11800
2019-06-16T01:09:24.000Z,53.084768,26.704428000000004,29,11800
2019-06-16T01:10:15.000Z,53.088637,26.702567,29,11800
2019-06-16T01:11:02.000Z,53.090968,26.701373,29,11780
2019-06-16T01:12:19.000Z,53.097067,26.698407,29,11820
2019-06-16T01:13:01.000Z,53.100033,26.697298,29,11760
2019-06-16T01:14:11.000Z,53.104955,26.694905,29,11860
2019-06-16T01:15:01.000Z,53.10876500000001,26.693128,29,11680
2019-06-16T01:16:07.000Z,53.113672,26.69061,29,11770
2019-06-16T01:17:53.000Z,53.11976800000001,26.687528000000004,29,11770
2019-06-16T01:18:03.000Z,53.12064,26.687088,29,11820
2019-06-16T01:19:05.000Z,53.125852,26.684613,29,11790
2019-06-16T01:20:01.000Z,53.13079200000001,26.682288,29,11750
2019-06-16T01:21:01.000Z,53.13517,26.680125,29,11780
2019-06-16T01:22:01.000Z,53.139097,26.678207,29,11820
2019-06-16T01:23:07.000Z,53.1444,26.675687,29,11790
2019-06-16T01:24:01.000Z,53.148397,26.673765000000003,29,11800
2019-06-16T01:25:06.000Z,53.153247,26.671492,29,11780
2019-06-16T01:26:01.000Z,53.15721,26.669578,29,11790
2019-06-16T01:27:07.000Z,53.162122,26.667273,29,11780
2019-06-16T01:28:01.000Z,53.16614300000001,26.665347,30,11750
2019-06-16T01:29:18.000Z,53.1719,26.662598,30,11800
2019-06-16T01:30:12.000Z,53.175508,26.66091,30,11710
2019-06-16T01:31:22.000Z,53.17992,26.659147,30,11780
2019-06-16T01:32:31.000Z,53.18581999999999,26.656068,30,11710
2019-06-16T01:33:26.000Z,53.190348,26.653937,30,11730
2019-06-16T01:34:40.000Z,53.195787,26.651398,30,11710
2019-06-16T01:35:13.000Z,53.198472,26.650103,30,11760
2019-06-16T01:36:01.000Z,53.201980000000006,26.648433,30,11750
2019-06-16T01:37:07.000Z,53.206927,26.646138,30,11720
2019-06-16T01:38:36.000Z,53.213733,26.642995000000006,30,11720
2019-06-16T01:39:01.000Z,53.215552,26.642135,30,11680
2019-06-16T01:40:07.000Z,53.22053199999999,26.63986,30,11700
2019-06-16T01:41:00.000Z,53.224662,26.638095,30,11650
2019-06-16T01:42:00.000Z,53.22924,26.636012,30,11660
2019-06-16T01:43:00.000Z,53.23376999999999,26.633997,30,11660
2019-06-16T01:44:07.000Z,53.238772,26.631512,30,11670
2019-06-16T01:45:00.000Z,53.242913,26.629625,30,11650
2019-06-16T01:46:07.000Z,53.247912,26.627792,30,11650
2019-06-16T01:47:00.000Z,53.25207,26.625502,30,11680
2019-06-16T01:48:07.000Z,53.257173,26.623527000000006,30,11660
2019-06-16T01:49:05.000Z,53.26121,26.621313,30,11670
2019-06-16T01:50:00.000Z,53.26583299999999,26.61921,30,11750
2019-06-16T01:51:00.000Z,53.27039300000001,26.617462,30,11700
2019-06-16T01:52:07.000Z,53.275617,26.61473,31,11710
2019-06-16T01:53:00.000Z,53.279642,26.612887,31,11690
2019-06-16T01:55:10.000Z,53.289573,26.60852,31,11720
2019-06-16T01:56:13.000Z,53.294683,26.60593,31,11700
2019-06-16T01:57:07.000Z,53.298865,26.603997,31,11670
2019-06-16T01:58:35.000Z,53.30541700000001,26.600975,31,11680
2019-06-16T01:59:04.000Z,53.30727,26.60009,31,11730
2019-06-16T02:00:16.000Z,53.312773,26.597938,31,11690
2019-06-16T02:02:25.000Z,53.32355,26.592615,31,11770
2019-06-16T02:03:13.000Z,53.327332,26.590938,31,11530
2019-06-16T02:04:01.000Z,53.331113,26.589347,31,11530
2019-06-16T02:05:07.000Z,53.336323,26.587152000000003,31,11440
2019-06-16T02:06:13.000Z,53.34161999999999,26.58526,31,11410
2019-06-16T02:07:49.000Z,53.348848,26.582095,31,11440
2019-06-16T02:08:07.000Z,53.350745,26.581643,31,11420
2019-06-16T02:09:03.000Z,53.354637,26.579907,31,11400
2019-06-16T02:10:18.000Z,53.360517,26.577675,31,11410
2019-06-16T02:11:19.000Z,53.366172,26.575053000000004,31,11450
2019-06-16T02:12:25.000Z,53.37144,26.572862,31,11480
2019-06-16T02:13:12.000Z,53.375235,26.571327,31,11650
2019-06-16T02:14:00.000Z,53.378948,26.56948,31,11750
2019-06-16T02:15:07.000Z,53.383563,26.567273,31,11750
2019-06-16T02:16:05.000Z,53.388272,26.565125,31,11750
2019-06-16T02:17:07.000Z,53.392435,26.563042,31,11730
2019-06-16T02:18:20.000Z,53.398405,26.560485,30,11700
2019-06-16T02:21:13.000Z,53.412325,26.554195,30,11670
2019-06-16T02:22:19.000Z,53.41748000000001,26.551698,30,11790
2019-06-16T02:23:17.000Z,53.421497,26.54948,30,11770
2019-06-16T02:26:31.000Z,53.436628000000006,26.542423,30,11710
2019-06-16T02:27:00.000Z,53.438937,26.541352000000003,30,11750
2019-06-16T02:28:55.000Z,53.44769300000001,26.537443,30,11700
2019-06-16T02:29:42.000Z,53.451387,26.535538,30,11720
2019-06-16T02:30:13.000Z,53.453692,26.534705,30,11720
2019-06-16T02:31:43.000Z,53.460652,26.531193,30,11710
2019-06-16T02:32:20.000Z,53.463427,26.529898,30,11740
2019-06-16T02:33:13.000Z,53.467567,26.527953000000004,30,11730
2019-06-16T02:34:31.000Z,53.47353,26.525097,30,11750
2019-06-16T02:35:13.000Z,53.47674,26.523562,30,11790
2019-06-16T02:40:49.000Z,53.502343,26.511433,30,11760
2019-06-16T02:41:19.000Z,53.504753,26.510337,30,11720
2019-06-16T02:42:19.000Z,53.509385,26.508212,31,11720
2019-06-16T02:43:00.000Z,53.5126,26.506647,31,11800
2019-06-16T02:44:07.000Z,53.517653,26.504272,31,11810
2019-06-16T02:45:19.000Z,53.523173,26.50163,30,11760
2019-06-16T02:48:24.000Z,53.53728,26.494903000000004,30,11760
2019-06-16T02:50:13.000Z,53.545607,26.491045,30,11750
2019-06-16T02:51:13.000Z,53.55021,26.488855,30,11800
2019-06-16T02:52:13.000Z,53.55479,26.486672,30,11790
2019-06-16T02:53:13.000Z,53.55937700000001,26.484467,30,11740
2019-06-16T02:54:54.000Z,53.567267,26.480747,31,11770
2019-06-16T02:55:07.000Z,53.56819,26.480263,31,11790
2019-06-16T02:56:07.000Z,53.572773,26.478405,31,11780
2019-06-16T02:58:07.000Z,53.582123,26.473685,31,11820
2019-06-16T02:59:43.000Z,53.589463,26.470073,31,11820
2019-06-16T03:00:07.000Z,53.591312,26.4692,31,11830
2019-06-16T03:01:07.000Z,53.595942,26.466962,31,11820
2019-06-16T03:02:07.000Z,53.60055,26.46471,31,11840
2019-06-16T03:03:01.000Z,53.604722,26.462663,31,11840
2019-06-16T03:04:01.000Z,53.609365,26.460408,31,11860
2019-06-16T03:05:07.000Z,53.614515,26.457877000000003,31,12100
2019-06-16T03:06:01.000Z,53.618665,26.455592,31,12130
2019-06-16T03:07:01.000Z,53.623088,26.45304,31,12240
2019-06-16T03:08:25.000Z,53.629327,26.44945,31,12200
2019-06-16T03:09:19.000Z,53.633298,26.447218,31,12280
2019-06-16T03:10:07.000Z,53.636947,26.445122,31,12250
2019-06-16T03:11:18.000Z,53.642193000000006,26.442077,31,12240
2019-06-16T03:12:07.000Z,53.64583199999999,26.439918,31,12260
2019-06-16T03:13:00.000Z,53.64986700000001,26.437558000000006,31,12250
2019-06-16T03:14:00.000Z,53.654335,26.434973,31,12250
2019-06-16T03:15:07.000Z,53.65920799999999,26.432245,31,12270
2019-06-16T03:16:01.000Z,53.663232,26.430165,31,12270
2019-06-16T03:17:00.000Z,53.66770699999999,26.427488,31,12160
2019-06-16T03:18:01.000Z,53.672248,26.42506,31,12070
2019-06-16T03:19:07.000Z,53.67722,26.422298,31,11880
2019-06-16T03:20:00.000Z,53.681528,26.42036,31,11790
2019-06-16T03:21:19.000Z,53.687627,26.417478000000006,31,11730
2019-06-16T03:22:25.000Z,53.692807,26.414662,31,11720
2019-06-16T03:23:07.000Z,53.696075,26.413108,31,11770
2019-06-16T03:24:07.000Z,53.70079000000001,26.410882,31,11730
2019-06-16T03:25:30.000Z,53.706867,26.407992,31,11740
2019-06-16T03:26:13.000Z,53.710588,26.4062,31,11820
2019-06-16T03:27:13.000Z,53.715295,26.404007,31,11750
2019-06-16T03:28:13.000Z,53.719972,26.401798,31,11730
2019-06-16T03:29:01.000Z,53.723732,26.400022,31,11790
2019-06-16T03:30:01.000Z,53.7284,26.3978,31,11740
2019-06-16T03:31:25.000Z,53.734923,26.395002,31,11760
2019-06-16T03:32:02.000Z,53.737245,26.39395,31,11710
2019-06-16T03:33:01.000Z,53.742427,26.391252,31,11760
2019-06-16T03:34:37.000Z,53.749838,26.387857,31,11710
2019-06-16T03:35:01.000Z,53.751733,26.387262,31,11660
2019-06-16T03:36:01.000Z,53.75637,26.385140000000003,31,11660
2019-06-16T03:37:01.000Z,53.760965,26.382948,31,11680
2019-06-16T03:38:00.000Z,53.764803,26.381205,31,11700
2019-06-16T03:39:19.000Z,53.771772,26.377737,31,11720
2019-06-16T03:40:13.000Z,53.775952,26.375787,31,11700
2019-06-16T03:41:13.000Z,53.780632,26.373655,31,11690
2019-06-16T03:42:07.000Z,53.78479,26.371752,31,11670
2019-06-16T03:43:12.000Z,53.789847,26.369437,31,11670
2019-06-16T03:44:11.000Z,53.794045,26.367542,31,11650
2019-06-16T03:45:28.000Z,53.799172,26.365223,31,11630
2019-06-16T03:46:12.000Z,53.803895,26.363137,31,11650
2019-06-16T03:47:03.000Z,53.807527,26.361392,31,11700
2019-06-16T03:48:03.000Z,53.81266,26.35903,31,11700
2019-06-16T03:49:07.000Z,53.817658,26.357105,31,11710
2019-06-16T03:50:03.000Z,53.822,26.354727,31,11690
2019-06-16T03:51:03.000Z,53.826725,26.352527,31,11680
2019-06-16T03:52:09.000Z,53.831785,26.350227,31,11670
2019-06-16T03:53:07.000Z,53.83637,26.348162,31,11730
2019-06-16T03:54:07.000Z,53.841103,26.345858000000003,31,11720
2019-06-16T03:55:01.000Z,53.84526700000001,26.343943,31,11720
2019-06-16T03:56:01.000Z,53.84991700000001,26.341802,31,11740
2019-06-16T03:57:00.000Z,53.85455500000001,26.339662,31,11700
2019-06-16T03:58:01.000Z,53.859213,26.33753,31,11710
2019-06-16T03:59:00.000Z,53.863777,26.335317,30,11690
2019-06-16T04:00:00.000Z,53.867933,26.333395,30,11720
2019-06-16T04:01:06.000Z,53.873417,26.330777,30,11790
2019-06-16T04:02:06.000Z,53.878005,26.328523,30,11800
2019-06-16T04:03:06.000Z,53.882563,26.3264,30,11750
2019-06-16T04:04:01.000Z,53.886722,26.324562,30,11650
2019-06-16T04:05:06.000Z,53.891668,26.322032,30,11730
2019-06-16T04:06:03.000Z,53.895712,26.320128000000004,30,11770
2019-06-16T04:07:01.000Z,53.900218,26.317903,30,11730
2019-06-16T04:08:01.000Z,53.904718,26.31586,30,11760
2019-06-16T04:09:13.000Z,53.909188,26.313695000000006,29,11770
2019-06-16T04:10:01.000Z,53.91356800000001,26.311652,29,11790
2019-06-16T04:11:01.000Z,53.917965,26.309563,29,11760
2019-06-16T04:12:01.000Z,53.922357,26.307475,29,11770
2019-06-16T04:13:01.000Z,53.926715,26.30536,29,11770
2019-06-16T04:14:07.000Z,53.931503,26.303063,29,11790
2019-06-16T04:15:07.000Z,53.935865,26.300932,29,11820
2019-06-16T04:16:07.000Z,53.940223,26.298808,29,11830
2019-06-16T04:17:05.000Z,53.94415,26.296868,29,11840
2019-06-16T04:18:06.000Z,53.948965,26.294495,29,11870
2019-06-16T04:19:00.000Z,53.952885,26.292535,29,11910
2019-06-16T04:20:06.000Z,53.95771,26.29013,30,11940
2019-06-16T04:21:15.000Z,53.96166,26.288157,29,11930
2019-06-16T04:22:01.000Z,53.966143,26.285967,29,11880
2019-06-16T04:23:01.000Z,53.970407,26.283817,29,11900
2019-06-16T04:24:06.000Z,53.975198,26.281422,29,11840
2019-06-16T04:25:01.000Z,53.97912700000001,26.279478000000005,29,11870
2019-06-16T04:26:01.000Z,53.983577,26.277342,29,11850
2019-06-16T04:27:06.000Z,53.988362,26.274953000000004,30,11920
2019-06-16T04:28:01.000Z,53.992305,26.272962,30,11980
2019-06-16T04:29:01.000Z,53.996708,26.270733,30,11900
2019-06-16T04:30:01.000Z,54.00111800000001,26.268497,30,12010
2019-06-16T04:31:01.000Z,54.00552800000001,26.266247,30,11980
2019-06-16T04:32:12.000Z,54.010753,26.263538,30,11990
2019-06-16T04:33:00.000Z,54.014152,26.261648,30,11980
2019-06-16T04:34:00.000Z,54.018683,26.259417,30,11970
2019-06-16T04:35:04.000Z,54.023068,26.2571,30,11990
2019-06-16T04:36:00.000Z,54.027397,26.254897,30,12030
2019-06-16T04:37:12.000Z,54.032532,26.252185,29,12020
2019-06-16T04:38:00.000Z,54.036037,26.250368,29,11990
2019-06-16T04:39:04.000Z,54.040338,26.248148,29,11960
2019-06-16T04:40:00.000Z,54.044627,26.24594,29,11940
2019-06-16T04:41:07.000Z,54.04935,26.243513,29,11990
2019-06-16T04:42:19.000Z,54.05449,26.2409,29,11890
2019-06-16T04:43:06.000Z,54.057873,26.239478,29,11780
2019-06-16T04:44:06.000Z,54.062307,26.237105,29,11810
2019-06-16T04:45:06.000Z,54.06667,26.235023,29,11780
2019-06-16T04:46:13.000Z,54.071412,26.232958,29,11740
2019-06-16T04:47:07.000Z,54.075452,26.231178000000003,29,11740
2019-06-16T04:48:07.000Z,54.07979200000001,26.229047,29,11780
2019-06-16T04:49:07.000Z,54.084273,26.226927000000003,30,11760
2019-06-16T04:50:07.000Z,54.08874300000001,26.224457,30,11810
2019-06-16T04:51:00.000Z,54.092735,26.222542,30,11830
2019-06-16T04:52:01.000Z,54.097188,26.2204,30,11850
2019-06-16T04:53:01.000Z,54.10162,26.218282,30,11810
2019-06-16T04:54:01.000Z,54.10604,26.216128,30,11770
2019-06-16T04:55:01.000Z,54.1105,26.214005,30,11770
2019-06-16T04:56:00.000Z,54.115002,26.211855,30,11740
2019-06-16T04:57:01.000Z,54.119328,26.210083,30,11760
2019-06-16T04:58:01.000Z,54.12380699999999,26.207587,30,11800
2019-06-16T04:59:07.000Z,54.12866800000001,26.205212,30,11850
2019-06-16T05:00:01.000Z,54.13267,26.203275,30,11840
2019-06-16T05:01:01.000Z,54.137135,26.20151,30,11820
2019-06-16T05:02:07.000Z,54.14191999999999,26.198743,30,11840
2019-06-16T05:03:00.000Z,54.14588000000001,26.196805,30,11860
2019-06-16T05:04:07.000Z,54.150662,26.194798,30,11860
2019-06-16T05:05:01.000Z,54.154682,26.192817,30,11790
2019-06-16T05:06:00.000Z,54.15916800000001,26.19038,29,11780
2019-06-16T05:07:00.000Z,54.163547,26.188527,30,11840
2019-06-16T05:08:01.000Z,54.168032,26.186238,29,11740
2019-06-16T05:09:01.000Z,54.172385,26.18386,30,11810
2019-06-16T05:10:01.000Z,54.176805,26.181728,30,11780
2019-06-16T05:11:01.000Z,54.18124,26.179587,30,11780
2019-06-16T05:12:01.000Z,54.185677,26.17746,30,11790
2019-06-16T05:13:01.000Z,54.190117,26.175297,30,11820
2019-06-16T05:14:01.000Z,54.194552,26.17313,30,11810
2019-06-16T05:15:01.000Z,54.199027,26.170968,30,11790
2019-06-16T05:16:01.000Z,54.203488,26.168805,30,11800
2019-06-16T05:17:01.000Z,54.20795500000001,26.166625,30,11780
2019-06-16T05:18:01.000Z,54.21242700000001,26.164483,30,11740
2019-06-16T05:19:07.000Z,54.21736,26.162112,30,11750
2019-06-16T05:20:01.000Z,54.221385,26.16017,30,11780
2019-06-16T05:21:07.000Z,54.226303,26.158177,30,11770
2019-06-16T05:22:07.000Z,54.230747,26.155668,30,11800
2019-06-16T05:23:07.000Z,54.23522,26.153555,30,11770
2019-06-16T05:24:01.000Z,54.239282,26.151817,30,11700
2019-06-16T05:25:17.000Z,54.244078,26.14927,30,11740
2019-06-16T05:26:07.000Z,54.248572,26.147298000000006,30,11740
2019-06-16T05:27:07.000Z,54.253057,26.145187,30,11700
2019-06-16T05:28:01.000Z,54.257133,26.143193,30,11740
2019-06-16T05:29:01.000Z,54.261597,26.141495000000006,30,11690
2019-06-16T05:30:01.000Z,54.2661,26.139497,30,11680
2019-06-16T05:31:01.000Z,54.270555,26.13697,30,11700
2019-06-16T05:32:05.000Z,54.27529499999999,26.134735,29,11710
2019-06-16T05:33:03.000Z,54.27956500000001,26.132715,29,11720
2019-06-16T05:34:02.000Z,54.284023,26.130665,29,11740
2019-06-16T05:35:01.000Z,54.288273,26.12867,29,11720
2019-06-16T05:36:05.000Z,54.29290500000001,26.126473,29,11710
2019-06-16T05:37:04.000Z,54.297335,26.124442,29,11750
2019-06-16T05:38:11.000Z,54.30228,26.12214,29,11740
2019-06-16T05:39:12.000Z,54.306777,26.120182,29,11740
2019-06-16T05:40:04.000Z,54.310585,26.118537,29,11760
2019-06-16T05:41:00.000Z,54.31450200000001,26.116715,29,11730
2019-06-16T05:42:11.000Z,54.319867,26.114173,29,11710
2019-06-16T05:43:11.000Z,54.324293,26.11196,29,11710
2019-06-16T05:44:05.000Z,54.32826,26.110315,29,11670
2019-06-16T05:45:05.000Z,54.33269,26.107893,29,11700
2019-06-16T05:46:05.000Z,54.33716,26.105798,29,11740
2019-06-16T05:47:05.000Z,54.341573,26.104075,29,11700
2019-06-16T05:48:05.000Z,54.345988,26.101812,29,11720
2019-06-16T05:49:09.000Z,54.350428,26.09952,30,11740
2019-06-16T05:50:04.000Z,54.354437,26.097992,30,11740
2019-06-16T05:51:11.000Z,54.359728,26.095485,30,11740
2019-06-16T05:52:05.000Z,54.36376,26.093257,30,11740
2019-06-16T05:53:06.000Z,54.36821,26.0914,30,11790
2019-06-16T05:54:05.000Z,54.372697,26.08935,30,11720
2019-06-16T05:55:05.000Z,54.377143,26.087252,30,11800
2019-06-16T05:56:05.000Z,54.381585,26.085138,30,11750
2019-06-16T05:57:05.000Z,54.386055000000006,26.082973000000006,30,11770
2019-06-16T05:58:05.000Z,54.390567,26.08089,30,11790
2019-06-16T05:59:05.000Z,54.394992,26.078708,30,11850
2019-06-16T06:00:05.000Z,54.399435,26.076427,30,12020
2019-06-16T06:01:05.000Z,54.403797,26.074277,30,11990
2019-06-16T06:02:05.000Z,54.408105000000006,26.071973,30,12030
2019-06-16T06:03:10.000Z,54.412868,26.069045000000006,30,11960
2019-06-16T06:04:04.000Z,54.416723,26.066998,30,12020
2019-06-16T06:05:04.000Z,54.421072,26.06474,30,12000
2019-06-16T06:06:04.000Z,54.425468,26.062865,30,12030
2019-06-16T06:07:04.000Z,54.42978000000001,26.0605,30,11940
2019-06-16T06:08:11.000Z,54.434642,26.058017,30,11960
2019-06-16T06:09:04.000Z,54.43855799999999,26.05594,30,11970
2019-06-16T06:10:04.000Z,54.44288,26.053647,30,11980
2019-06-16T06:11:04.000Z,54.44734,26.051383,30,11940
2019-06-16T06:12:10.000Z,54.452137,26.048472,30,12030
2019-06-16T06:13:10.000Z,54.45650500000001,26.046158,30,12070
2019-06-16T06:14:10.000Z,54.46088,26.043873,30,11990
2019-06-16T06:15:01.000Z,54.464397,26.04202,30,11990
2019-06-16T06:16:04.000Z,54.469273,26.0398,30,11990
2019-06-16T06:17:04.000Z,54.473693,26.037495,30,11940
2019-06-16T06:18:04.000Z,54.47811,26.034827,30,12040
2019-06-16T06:19:05.000Z,54.48254,26.03251,30,12000
2019-06-16T06:20:05.000Z,54.48699000000001,26.03019,30,12050
2019-06-16T06:21:05.000Z,54.49143,26.027865,30,12040
2019-06-16T06:22:05.000Z,54.495938,26.025872,30,11970
2019-06-16T06:23:05.000Z,54.500358,26.023202,30,12010
2019-06-16T06:24:11.000Z,54.50525,26.020605,30,12030
2019-06-16T06:25:04.000Z,54.509253,26.01847,30,12040
2019-06-16T06:26:00.000Z,54.513243,26.016635,30,12060
2019-06-16T06:27:04.000Z,54.518162,26.013753,30,12030
2019-06-16T06:28:04.000Z,54.522615,26.011365,30,11990
2019-06-16T06:29:04.000Z,54.52705699999999,26.009002,30,12020
2019-06-16T06:30:05.000Z,54.531445,26.00695,30,11990
2019-06-16T06:31:10.000Z,54.53636700000001,26.004407,30,11990
2019-06-16T06:32:05.000Z,54.540352,26.001957,30,12020
2019-06-16T06:33:05.000Z,54.544802,25.999908,30,12010
2019-06-16T06:34:05.000Z,54.54916,25.997388,30,12040
2019-06-16T06:35:03.000Z,54.553043,25.995188,30,12020
2019-06-16T06:36:10.000Z,54.558337,25.992392,30,12100
2019-06-16T06:37:02.000Z,54.561738,25.99057,30,12040
2019-06-16T06:38:10.000Z,54.56701,25.98812,30,12080
2019-06-16T06:39:11.000Z,54.571288,25.9858,30,12020
2019-06-16T06:40:07.000Z,54.575318,25.983553,30,12040
2019-06-16T06:41:05.000Z,54.57959,25.981317,30,12360
2019-06-16T06:42:01.000Z,54.583273,25.978788,30,13130
2019-06-16T06:43:05.000Z,54.587172,25.975245,30,13870
2019-06-16T06:44:05.000Z,54.590272,25.971278,30,14380
2019-06-16T06:45:05.000Z,54.593265,25.96782,30,14500
2019-06-16T06:46:28.000Z,54.597103,25.962852,30,14550
2019-06-16T06:47:10.000Z,54.599385,25.959765,30,14650
2019-06-16T06:48:05.000Z,54.601963,25.95627,30,14610
2019-06-16T06:49:10.000Z,54.60518199999999,25.95161,31,14630
2019-06-16T06:50:05.000Z,54.607777,25.948177,31,14590
2019-06-16T06:51:05.000Z,54.610652,25.944198,31,14590
2019-06-16T06:52:05.000Z,54.61361700000001,25.940668,31,14570
