timestamp,longitude,latitude,speed,direction
2019-04-11T02:31:54.000Z,55.069248,24.999205,0,14890
2019-04-11T02:31:54.000Z,55.069248,24.999205,0,14890
2019-04-11T02:49:53.000Z,55.069253,24.999203,0,14890
2019-04-11T02:49:53.000Z,55.069253,24.999203,0,14890
2019-04-11T03:04:54.000Z,55.069215,24.99919,0,14890
2019-04-11T03:04:54.000Z,55.069215,24.99919,0,14890
2019-04-11T03:22:54.000Z,55.069223,24.999218,0,14890
2019-04-11T03:22:54.000Z,55.069223,24.999218,0,14890
2019-04-11T03:37:53.000Z,55.069215,24.999225,0,14890
2019-04-11T03:37:53.000Z,55.069215,24.999225,0,14890
2019-04-11T03:49:55.000Z,55.069248,24.999203,0,14890
2019-04-11T03:49:55.000Z,55.069248,24.999203,0,14890
2019-04-11T04:07:55.000Z,55.06922,24.999183,0,14890
2019-04-11T04:07:55.000Z,55.06922,24.999183,0,14890
2019-04-11T04:19:58.000Z,55.069233,24.999185,0,14890
2019-04-11T04:19:58.000Z,55.069233,24.999185,0,14890
2019-04-11T04:34:53.000Z,55.069222,24.999197,0,14890
2019-04-11T04:34:53.000Z,55.069222,24.999197,0,14890
2019-04-11T04:49:56.000Z,55.06925500000001,24.99923,0,14890
2019-04-11T04:49:56.000Z,55.06925500000001,24.99923,0,14890
2019-04-11T05:04:57.000Z,55.069197,24.99921,0,14890
2019-04-11T05:04:57.000Z,55.069197,24.99921,0,14890
2019-04-11T05:16:59.000Z,55.069242,24.99923,0,14890
2019-04-11T05:16:59.000Z,55.069242,24.99923,0,14890
2019-04-11T05:31:53.000Z,55.069205,24.999178,0,14890
2019-04-11T05:31:53.000Z,55.069205,24.999178,0,14890
2019-04-11T05:46:56.000Z,55.069223,24.99922,0,14890
2019-04-11T05:46:56.000Z,55.069223,24.99922,0,14890
2019-04-11T06:01:55.000Z,55.06923000000001,24.999217,0,14890
2019-04-11T06:01:55.000Z,55.06923000000001,24.999217,0,14890
2019-04-11T06:22:51.000Z,55.06924300000001,24.999202,0,14890
2019-04-11T06:22:51.000Z,55.06924300000001,24.999202,0,14890
2019-04-11T06:37:56.000Z,55.06925699999999,24.99921,0,14890
2019-04-11T06:37:56.000Z,55.06925699999999,24.99921,0,14890
2019-04-11T06:52:58.000Z,55.06919499999999,24.999198,0,14890
2019-04-11T06:52:58.000Z,55.06919499999999,24.999198,0,14890
2019-04-11T07:10:52.000Z,55.069182,24.999187,0,14890
2019-04-11T07:10:52.000Z,55.069182,24.999187,0,14890
2019-04-11T07:22:58.000Z,55.069272,24.999192,0,14890
2019-04-11T07:22:58.000Z,55.069272,24.999192,0,14890
2019-04-11T07:40:56.000Z,55.0692,24.999248,0,14890
2019-04-11T07:40:56.000Z,55.0692,24.999248,0,14890
2019-04-11T07:52:57.000Z,55.069198,24.999278,0,14890
2019-04-11T07:52:57.000Z,55.069198,24.999278,0,14890
2019-04-11T08:10:58.000Z,55.06924,24.999227,0,14890
2019-04-11T08:10:58.000Z,55.06924,24.999227,0,14890
2019-04-11T08:16:58.000Z,55.069183,24.99919,0,14890
2019-04-11T08:16:58.000Z,55.069183,24.99919,0,14890
2019-04-11T08:22:58.000Z,55.069213,24.999175,0,14890
2019-04-11T08:22:58.000Z,55.069213,24.999175,0,14890
2019-04-11T08:28:57.000Z,55.069212,24.999192,0,14890
2019-04-11T08:28:57.000Z,55.069212,24.999192,0,14890
2019-04-11T08:34:56.000Z,55.06923000000001,24.999213,0,14890
2019-04-11T08:34:56.000Z,55.06923000000001,24.999213,0,14890
2019-04-11T08:40:52.000Z,55.069253,24.999195,0,14890
2019-04-11T08:40:52.000Z,55.069253,24.999195,0,14890
2019-04-11T08:46:54.000Z,55.069213,24.999203,0,14890
2019-04-11T08:46:54.000Z,55.069213,24.999203,0,14890
2019-04-11T08:49:55.000Z,55.06922700000001,24.999148,0,14890
2019-04-11T08:49:55.000Z,55.06922700000001,24.999148,0,14890
2019-04-11T08:55:56.000Z,55.06924300000001,24.999173000000006,0,14890
2019-04-11T08:55:56.000Z,55.06924300000001,24.999173000000006,0,14890
2019-04-11T08:55:56.000Z,55.06924300000001,24.999173000000006,0,14890
2019-04-11T08:55:56.000Z,55.06924300000001,24.999173000000006,0,14890
2019-04-11T09:01:57.000Z,55.069222,24.99922,0,14890
2019-04-11T09:01:57.000Z,55.069222,24.99922,0,14890
2019-04-11T09:01:57.000Z,55.069222,24.99922,0,14890
2019-04-11T09:01:57.000Z,55.069222,24.99922,0,14890
2019-04-11T09:07:52.000Z,55.069242,24.999213,0,14890
2019-04-11T09:07:52.000Z,55.069242,24.999213,0,14890
2019-04-11T09:07:52.000Z,55.069242,24.999213,0,14890
2019-04-11T09:07:52.000Z,55.069242,24.999213,0,14890
2019-04-11T09:10:57.000Z,55.069223,24.99922,0,14890
2019-04-11T09:10:57.000Z,55.069223,24.99922,0,14890
2019-04-11T09:10:57.000Z,55.069223,24.99922,0,14890
2019-04-11T09:10:57.000Z,55.069223,24.99922,0,14890
2019-04-11T09:16:57.000Z,55.069212,24.999195,0,14890
2019-04-11T09:16:57.000Z,55.069212,24.999195,0,14890
2019-04-11T09:16:57.000Z,55.069212,24.999195,0,14890
2019-04-11T09:16:57.000Z,55.069212,24.999195,0,14890
2019-04-11T09:22:57.000Z,55.0692,24.999168,0,14890
2019-04-11T09:22:57.000Z,55.0692,24.999168,0,14890
2019-04-11T09:22:57.000Z,55.0692,24.999168,0,14890
2019-04-11T09:22:57.000Z,55.0692,24.999168,0,14890
2019-04-11T09:25:58.000Z,55.069212,24.999202,0,14890
2019-04-11T09:25:58.000Z,55.069212,24.999202,0,14890
2019-04-11T09:25:58.000Z,55.069212,24.999202,0,14890
2019-04-11T09:25:58.000Z,55.069212,24.999202,0,14890
2019-04-11T09:31:59.000Z,55.06920699999999,24.9992,0,14890
2019-04-11T09:31:59.000Z,55.06920699999999,24.9992,0,14890
2019-04-11T09:31:59.000Z,55.06920699999999,24.9992,0,14890
2019-04-11T09:31:59.000Z,55.06920699999999,24.9992,0,14890
2019-04-11T09:40:57.000Z,55.069258,24.99921,0,14890
2019-04-11T09:40:57.000Z,55.069258,24.99921,0,14890
2019-04-11T09:40:57.000Z,55.069258,24.99921,0,14890
2019-04-11T09:40:57.000Z,55.069258,24.99921,0,14890
2019-04-11T09:46:53.000Z,55.06916999999999,24.999172,0,14890
2019-04-11T09:46:53.000Z,55.06916999999999,24.999172,0,14890
2019-04-11T09:46:53.000Z,55.06916999999999,24.999172,0,14890
2019-04-11T09:46:53.000Z,55.06916999999999,24.999172,0,14890
2019-04-11T09:49:57.000Z,55.069253,24.999227,0,14890
2019-04-11T09:49:57.000Z,55.069253,24.999227,0,14890
2019-04-11T09:49:57.000Z,55.069253,24.999227,0,14890
2019-04-11T09:49:57.000Z,55.069253,24.999227,0,14890
2019-04-11T09:55:55.000Z,55.069258,24.999223,0,14890
2019-04-11T09:55:55.000Z,55.069258,24.999223,0,14890
2019-04-11T09:55:55.000Z,55.069258,24.999223,0,14890
2019-04-11T09:55:55.000Z,55.069258,24.999223,0,14890
2019-04-11T10:01:56.000Z,55.069258,24.999215,0,14890
2019-04-11T10:01:56.000Z,55.069258,24.999215,0,14890
2019-04-11T10:01:56.000Z,55.069258,24.999215,0,14890
2019-04-11T10:01:56.000Z,55.069258,24.999215,0,14890
2019-04-11T10:07:55.000Z,55.069233,24.999203,0,14890
2019-04-11T10:07:55.000Z,55.069233,24.999203,0,14890
2019-04-11T10:07:55.000Z,55.069233,24.999203,0,14890
2019-04-11T10:07:55.000Z,55.069233,24.999203,0,14890
2019-04-11T10:13:52.000Z,55.06923199999999,24.999202,0,14890
2019-04-11T10:13:52.000Z,55.06923199999999,24.999202,0,14890
2019-04-11T10:13:52.000Z,55.06923199999999,24.999202,0,14890
2019-04-11T10:13:52.000Z,55.06923199999999,24.999202,0,14890
2019-04-11T10:19:53.000Z,55.069202,24.999207,0,14890
2019-04-11T10:19:53.000Z,55.069202,24.999207,0,14890
2019-04-11T10:19:53.000Z,55.069202,24.999207,0,14890
2019-04-11T10:19:53.000Z,55.069202,24.999207,0,14890
2019-04-11T10:22:57.000Z,55.069222,24.999202,0,14890
2019-04-11T10:22:57.000Z,55.069222,24.999202,0,14890
2019-04-11T10:22:57.000Z,55.069222,24.999202,0,14890
2019-04-11T10:22:57.000Z,55.069222,24.999202,0,14890
2019-04-11T10:28:53.000Z,55.06924,24.999213,0,14890
2019-04-11T10:28:53.000Z,55.06924,24.999213,0,14890
2019-04-11T10:28:53.000Z,55.06924,24.999213,0,14890
2019-04-11T10:28:53.000Z,55.06924,24.999213,0,14890
2019-04-11T10:31:55.000Z,55.069245,24.999227,0,14890
2019-04-11T10:31:55.000Z,55.069245,24.999227,0,14890
2019-04-11T10:31:55.000Z,55.069245,24.999227,0,14890
2019-04-11T10:31:55.000Z,55.069245,24.999227,0,14890
2019-04-11T10:34:56.000Z,55.069248,24.99923,0,14890
2019-04-11T10:34:56.000Z,55.069248,24.99923,0,14890
2019-04-11T10:34:56.000Z,55.069248,24.99923,0,14890
2019-04-11T10:34:56.000Z,55.069248,24.99923,0,14890
2019-04-11T10:40:57.000Z,55.069338,24.999225,0,14890
2019-04-11T10:40:57.000Z,55.069338,24.999225,0,14890
2019-04-11T10:40:57.000Z,55.069338,24.999225,0,14890
2019-04-11T10:40:57.000Z,55.069338,24.999225,0,14890
2019-04-11T10:46:53.000Z,55.069265,24.999242,0,14890
2019-04-11T10:46:53.000Z,55.069265,24.999242,0,14890
2019-04-11T10:46:53.000Z,55.069265,24.999242,0,14890
2019-04-11T10:46:53.000Z,55.069265,24.999242,0,14890
2019-04-11T10:49:54.000Z,55.06924,24.999227,0,14890
2019-04-11T10:49:54.000Z,55.06924,24.999227,0,14890
2019-04-11T10:49:54.000Z,55.06924,24.999227,0,14890
2019-04-11T10:49:54.000Z,55.06924,24.999227,0,14890
2019-04-11T10:55:56.000Z,55.069222,24.999215,0,14890
2019-04-11T10:55:56.000Z,55.069222,24.999215,0,14890
2019-04-11T10:55:56.000Z,55.069222,24.999215,0,14890
2019-04-11T10:55:56.000Z,55.069222,24.999215,0,14890
2019-04-11T11:01:56.000Z,55.069122,24.999187,0,14890
2019-04-11T11:01:56.000Z,55.069122,24.999187,0,14890
2019-04-11T11:01:56.000Z,55.069122,24.999187,0,14890
2019-04-11T11:01:56.000Z,55.069122,24.999187,0,14890
2019-04-11T11:07:58.000Z,55.06923199999999,24.999235,0,14890
2019-04-11T11:07:58.000Z,55.06923199999999,24.999235,0,14890
2019-04-11T11:07:58.000Z,55.06923199999999,24.999235,0,14890
2019-04-11T11:07:58.000Z,55.06923199999999,24.999235,0,14890
2019-04-11T11:13:57.000Z,55.069202,24.999238,0,14890
2019-04-11T11:13:57.000Z,55.069202,24.999238,0,14890
2019-04-11T11:13:57.000Z,55.069202,24.999238,0,14890
2019-04-11T11:13:57.000Z,55.069202,24.999238,0,14890
2019-04-11T11:19:52.000Z,55.069182,24.999165,0,14890
2019-04-11T11:19:52.000Z,55.069182,24.999165,0,14890
2019-04-11T11:19:52.000Z,55.069182,24.999165,0,14890
2019-04-11T11:19:52.000Z,55.069182,24.999165,0,14890
2019-04-11T11:22:56.000Z,55.069213,24.999165,0,14890
2019-04-11T11:22:56.000Z,55.069213,24.999165,0,14890
2019-04-11T11:22:56.000Z,55.069213,24.999165,0,14890
2019-04-11T11:22:56.000Z,55.069213,24.999165,0,14890
2019-04-11T11:25:57.000Z,55.069253,24.999193,0,14890
2019-04-11T11:25:57.000Z,55.069253,24.999193,0,14890
2019-04-11T11:25:57.000Z,55.069253,24.999193,0,14890
2019-04-11T11:25:57.000Z,55.069253,24.999193,0,14890
2019-04-11T11:31:58.000Z,55.06921,24.999288,0,14890
2019-04-11T11:31:58.000Z,55.06921,24.999288,0,14890
2019-04-11T11:31:58.000Z,55.06921,24.999288,0,14890
2019-04-11T11:31:58.000Z,55.06921,24.999288,0,14890
2019-04-11T11:38:00.000Z,55.069212,24.999335,0,14890
2019-04-11T11:38:00.000Z,55.069212,24.999335,0,14890
2019-04-11T11:38:00.000Z,55.069212,24.999335,0,14890
2019-04-11T11:38:00.000Z,55.069212,24.999335,0,14890
2019-04-11T11:44:00.000Z,55.069228,24.99931,0,14890
2019-04-11T11:44:00.000Z,55.069228,24.99931,0,14890
2019-04-11T11:44:00.000Z,55.069228,24.99931,0,14890
2019-04-11T11:44:00.000Z,55.069228,24.99931,0,14890
2019-04-11T11:52:55.000Z,55.069228,24.999293,0,14890
2019-04-11T11:52:55.000Z,55.069228,24.999293,0,14890
2019-04-11T11:52:55.000Z,55.069228,24.999293,0,14890
2019-04-11T11:52:55.000Z,55.069228,24.999293,0,14890
2019-04-11T11:55:56.000Z,55.069212,24.99929,0,14890
2019-04-11T11:55:56.000Z,55.069212,24.99929,0,14890
2019-04-11T11:55:56.000Z,55.069212,24.99929,0,14890
2019-04-11T11:55:56.000Z,55.069212,24.99929,0,14890
2019-04-11T12:01:56.000Z,55.069362,24.9993,0,14890
2019-04-11T12:01:56.000Z,55.069362,24.9993,0,14890
2019-04-11T12:01:56.000Z,55.069362,24.9993,0,14890
2019-04-11T12:01:56.000Z,55.069362,24.9993,0,14890
2019-04-11T12:07:56.000Z,55.069265,24.999228,0,14890
2019-04-11T12:07:56.000Z,55.069265,24.999228,0,14890
2019-04-11T12:07:56.000Z,55.069265,24.999228,0,14890
2019-04-11T12:07:56.000Z,55.069265,24.999228,0,14890
2019-04-11T12:10:57.000Z,55.069373,24.999242,0,14890
2019-04-11T12:10:57.000Z,55.069373,24.999242,0,14890
2019-04-11T12:10:57.000Z,55.069373,24.999242,0,14890
2019-04-11T12:10:57.000Z,55.069373,24.999242,0,14890
2019-04-11T12:16:56.000Z,55.069262,24.999207,0,14890
2019-04-11T12:16:56.000Z,55.069262,24.999207,0,14890
2019-04-11T12:16:56.000Z,55.069262,24.999207,0,14890
2019-04-11T12:16:56.000Z,55.069262,24.999207,0,14890
2019-04-11T12:22:58.000Z,55.069263,24.999205,0,14890
2019-04-11T12:22:58.000Z,55.069263,24.999205,0,14890
2019-04-11T12:22:58.000Z,55.069263,24.999205,0,14890
2019-04-11T12:22:58.000Z,55.069263,24.999205,0,14890
2019-04-11T12:31:58.000Z,55.069315,24.999678,0,14890
2019-04-11T12:31:58.000Z,55.069315,24.999678,0,14890
2019-04-11T12:31:58.000Z,55.069315,24.999678,0,14890
2019-04-11T12:31:58.000Z,55.069315,24.999678,0,14890
2019-04-11T12:38:00.000Z,55.069267,24.999277,0,14890
2019-04-11T12:38:00.000Z,55.069267,24.999277,0,14890
2019-04-11T12:38:00.000Z,55.069267,24.999277,0,14890
2019-04-11T12:38:00.000Z,55.069267,24.999277,0,14890
2019-04-11T12:43:59.000Z,55.069252,24.999282,0,14890
2019-04-11T12:43:59.000Z,55.069252,24.999282,0,14890
2019-04-11T12:43:59.000Z,55.069252,24.999282,0,14890
2019-04-11T12:43:59.000Z,55.069252,24.999282,0,14890
2019-04-11T12:50:00.000Z,55.06916999999999,24.999383,0,14890
2019-04-11T12:50:00.000Z,55.06916999999999,24.999383,0,14890
2019-04-11T12:50:00.000Z,55.06916999999999,24.999383,0,14890
2019-04-11T12:50:00.000Z,55.06916999999999,24.999383,0,14890
2019-04-11T12:56:01.000Z,55.069172,24.999138,0,14890
2019-04-11T12:56:01.000Z,55.069172,24.999138,0,14890
2019-04-11T12:56:01.000Z,55.069172,24.999138,0,14890
2019-04-11T12:56:01.000Z,55.069172,24.999138,0,14890
2019-04-11T13:01:59.000Z,55.069182,24.999318,0,14890
2019-04-11T13:01:59.000Z,55.069182,24.999318,0,14890
2019-04-11T13:01:59.000Z,55.069182,24.999318,0,14890
2019-04-11T13:01:59.000Z,55.069182,24.999318,0,14890
2019-04-11T13:05:00.000Z,55.0692,24.999262,0,14890
2019-04-11T13:05:00.000Z,55.0692,24.999262,0,14890
2019-04-11T13:05:00.000Z,55.0692,24.999262,0,14890
2019-04-11T13:05:00.000Z,55.0692,24.999262,0,14890
2019-04-11T13:10:53.000Z,55.069123,24.999292,0,23720
2019-04-11T13:10:53.000Z,55.069123,24.999292,0,23720
2019-04-11T13:10:53.000Z,55.069123,24.999292,0,23720
2019-04-11T13:10:53.000Z,55.069123,24.999292,0,23720
2019-04-11T13:13:55.000Z,55.069223,24.999325,0,23720
2019-04-11T13:13:55.000Z,55.069223,24.999325,0,23720
2019-04-11T13:13:55.000Z,55.069223,24.999325,0,23720
2019-04-11T13:13:55.000Z,55.069223,24.999325,0,23720
2019-04-11T13:16:58.000Z,55.06918,24.999165,0,23720
2019-04-11T13:16:58.000Z,55.06918,24.999165,0,23720
2019-04-11T13:16:58.000Z,55.06918,24.999165,0,23720
2019-04-11T13:16:58.000Z,55.06918,24.999165,0,23720
2019-04-11T13:22:57.000Z,55.069213,24.999195,0,23720
2019-04-11T13:22:57.000Z,55.069213,24.999195,0,23720
2019-04-11T13:22:57.000Z,55.069213,24.999195,0,23720
2019-04-11T13:22:57.000Z,55.069213,24.999195,0,23720
2019-04-11T13:25:58.000Z,55.069203,24.99917,0,23720
2019-04-11T13:25:58.000Z,55.069203,24.99917,0,23720
2019-04-11T13:25:58.000Z,55.069203,24.99917,0,23720
2019-04-11T13:25:58.000Z,55.069203,24.99917,0,23720
2019-04-11T13:31:56.000Z,55.069205,24.999162,0,23720
2019-04-11T13:31:56.000Z,55.069205,24.999162,0,23720
2019-04-11T13:31:56.000Z,55.069205,24.999162,0,23720
2019-04-11T13:31:56.000Z,55.069205,24.999162,0,23720
2019-04-11T13:37:57.000Z,55.069332,24.999247,0,23720
2019-04-11T13:37:57.000Z,55.069332,24.999247,0,23720
2019-04-11T13:37:57.000Z,55.069332,24.999247,0,23720
2019-04-11T13:37:57.000Z,55.069332,24.999247,0,23720
2019-04-11T13:40:58.000Z,55.069252,24.999198,0,23720
2019-04-11T13:40:58.000Z,55.069252,24.999198,0,23720
2019-04-11T13:40:58.000Z,55.069252,24.999198,0,23720
2019-04-11T13:40:58.000Z,55.069252,24.999198,0,23720
2019-04-11T13:46:58.000Z,55.06923199999999,24.999182,0,23720
2019-04-11T13:46:58.000Z,55.06923199999999,24.999182,0,23720
2019-04-11T13:46:58.000Z,55.06923199999999,24.999182,0,23720
2019-04-11T13:46:58.000Z,55.06923199999999,24.999182,0,23720
2019-04-11T13:52:58.000Z,55.069262,24.999223,0,23720
2019-04-11T13:52:58.000Z,55.069262,24.999223,0,23720
2019-04-11T13:52:58.000Z,55.069262,24.999223,0,23720
2019-04-11T13:52:58.000Z,55.069262,24.999223,0,23720
2019-04-11T13:58:59.000Z,55.069217,24.999215,0,23720
2019-04-11T13:58:59.000Z,55.069217,24.999215,0,23720
2019-04-11T13:58:59.000Z,55.069217,24.999215,0,23720
2019-04-11T13:58:59.000Z,55.069217,24.999215,0,23720
2019-04-11T14:04:59.000Z,55.069153,24.999197,0,23720
2019-04-11T14:04:59.000Z,55.069153,24.999197,0,23720
2019-04-11T14:10:54.000Z,55.069233,24.999188,0,23720
2019-04-11T14:10:54.000Z,55.069233,24.999188,0,23720
2019-04-11T14:13:56.000Z,55.069228,24.999193,0,23720
2019-04-11T14:13:56.000Z,55.069228,24.999193,0,23720
2019-04-11T14:16:57.000Z,55.069213,24.999195,0,23720
2019-04-11T14:16:57.000Z,55.069213,24.999195,0,23720
2019-04-11T14:22:57.000Z,55.069242,24.99915,0,23720
2019-04-11T14:22:57.000Z,55.069242,24.99915,0,23720
2019-04-11T14:28:54.000Z,55.06919499999999,24.999153,0,23720
2019-04-11T14:28:54.000Z,55.06919499999999,24.999153,0,23720
2019-04-11T14:34:57.000Z,55.069265,24.999238,0,23720
2019-04-11T14:34:57.000Z,55.069265,24.999238,0,23720
2019-04-11T14:40:56.000Z,55.069203,24.999203,0,23720
2019-04-11T14:40:56.000Z,55.069203,24.999203,0,23720
2019-04-11T14:46:55.000Z,55.069192,24.999167,0,23720
2019-04-11T14:46:55.000Z,55.069192,24.999167,0,23720
2019-04-11T14:49:57.000Z,55.069222,24.999157,0,23720
2019-04-11T14:49:57.000Z,55.069222,24.999157,0,23720
2019-04-11T14:52:59.000Z,55.069242,24.9992,0,23720
2019-04-11T14:52:59.000Z,55.069242,24.9992,0,23720
2019-04-11T14:58:58.000Z,55.069223,24.999232,0,23720
2019-04-11T14:58:58.000Z,55.069223,24.999232,0,23720
2019-04-11T15:04:58.000Z,55.069212,24.999165,0,23720
2019-04-11T15:04:58.000Z,55.069212,24.999165,0,23720
2019-04-11T15:10:58.000Z,55.06925,24.999202,0,23720
2019-04-11T15:10:58.000Z,55.06925,24.999202,0,23720
2019-04-11T15:16:57.000Z,55.06926,24.999202,0,23720
2019-04-11T15:16:57.000Z,55.06926,24.999202,0,23720
2019-04-11T15:22:57.000Z,55.06840500000001,24.999383,1,26470
2019-04-11T15:22:57.000Z,55.06840500000001,24.999383,1,26470
2019-04-11T15:42:16.000Z,55.053248,24.989438,2,22540
2019-04-11T15:42:16.000Z,55.053248,24.989438,2,22540
2019-04-11T15:47:21.000Z,55.05238000000001,24.988718,0,23210
2019-04-11T15:47:21.000Z,55.05238000000001,24.988718,0,23210
2019-04-11T15:50:22.000Z,55.052227,24.988513,0,20790
2019-04-11T15:50:22.000Z,55.052227,24.988513,0,20790
2019-04-11T15:53:24.000Z,55.052098,24.98854,0,30630
2019-04-11T15:53:24.000Z,55.052098,24.98854,0,30630
2019-04-11T15:59:24.000Z,55.05210500000001,24.988515,0,30630
2019-04-11T15:59:24.000Z,55.05210500000001,24.988515,0,30630
2019-04-11T16:02:26.000Z,55.052123,24.988513,0,30630
2019-04-11T16:02:26.000Z,55.052123,24.988513,0,30630
2019-04-11T16:08:19.000Z,55.05208,24.988498,0,30630
2019-04-11T16:08:19.000Z,55.05208,24.988498,0,30630
2019-04-11T16:11:24.000Z,55.05209,24.988515,0,30630
2019-04-11T16:11:24.000Z,55.05209,24.988515,0,30630
2019-04-11T16:17:22.000Z,55.052093000000006,24.988517,0,30630
2019-04-11T16:17:22.000Z,55.052093000000006,24.988517,0,30630
2019-04-11T16:20:23.000Z,55.052117,24.988525,0,30630
2019-04-11T16:20:23.000Z,55.052117,24.988525,0,30630
2019-04-11T16:29:23.000Z,55.05210500000001,24.988567,0,30630
2019-04-11T16:29:23.000Z,55.05210500000001,24.988567,0,30630
2019-04-11T16:35:24.000Z,55.052162,24.988587,0,30630
2019-04-11T16:35:24.000Z,55.052162,24.988587,0,30630
2019-04-11T16:41:24.000Z,55.052363,24.988658,0,30630
2019-04-11T16:41:24.000Z,55.052363,24.988658,0,30630
2019-04-11T16:47:25.000Z,55.05219200000001,24.988575,0,30630
2019-04-11T16:47:25.000Z,55.05219200000001,24.988575,0,30630
2019-04-11T16:53:20.000Z,55.052093000000006,24.988605,0,30630
2019-04-11T16:53:20.000Z,55.052093000000006,24.988605,0,30630
2019-04-11T16:56:26.000Z,55.05206,24.988543,0,30630
2019-04-11T16:56:26.000Z,55.05206,24.988543,0,30630
2019-04-11T17:05:24.000Z,55.05220799999999,24.988442000000006,0,30630
2019-04-11T17:05:24.000Z,55.05220799999999,24.988442000000006,0,30630
2019-04-11T17:11:25.000Z,55.052075,24.988578,0,30630
2019-04-11T17:11:25.000Z,55.052075,24.988578,0,30630
2019-04-11T17:17:26.000Z,55.052055,24.988568,0,30630
2019-04-11T17:17:26.000Z,55.052055,24.988568,0,30630
2019-04-11T17:23:28.000Z,55.052103,24.988778,0,28910
2019-04-11T17:23:28.000Z,55.052103,24.988778,0,28910
2019-04-11T17:29:27.000Z,55.052152,24.988615,0,28350
2019-04-11T17:29:27.000Z,55.052152,24.988615,0,28350
2019-04-11T17:35:20.000Z,55.05220500000001,24.988338,0,26840
2019-04-11T17:35:20.000Z,55.05220500000001,24.988338,0,26840
2019-04-11T17:38:23.000Z,55.052167,24.988358,0,26840
2019-04-11T17:38:23.000Z,55.052167,24.988358,0,26840
2019-04-11T17:44:25.000Z,55.052122,24.988532,0,26840
2019-04-11T17:44:25.000Z,55.052122,24.988532,0,26840
2019-04-11T17:50:25.000Z,55.052112,24.988547,0,26840
2019-04-11T17:50:25.000Z,55.052112,24.988547,0,26840
2019-04-11T17:56:26.000Z,55.052093000000006,24.988523,0,26840
2019-04-11T17:56:26.000Z,55.052093000000006,24.988523,0,26840
2019-04-11T18:02:28.000Z,55.05213199999999,24.988493,0,26840
2019-04-11T18:02:28.000Z,55.05213199999999,24.988493,0,26840
2019-04-11T18:08:27.000Z,55.05215,24.988533,0,26840
2019-04-11T18:08:27.000Z,55.05215,24.988533,0,26840
2019-04-11T18:14:28.000Z,55.052013,24.988437,0,26840
2019-04-11T18:14:28.000Z,55.052013,24.988437,0,26840
2019-04-11T18:20:25.000Z,55.05208199999999,24.988557,0,26840
2019-04-11T18:20:25.000Z,55.05208199999999,24.988557,0,26840
2019-04-11T18:26:27.000Z,55.052092,24.988538,0,26840
2019-04-11T18:26:27.000Z,55.052092,24.988538,0,26840
2019-04-11T18:32:28.000Z,55.052057,24.98856,0,26840
2019-04-11T18:32:28.000Z,55.052057,24.98856,0,26840
2019-04-11T18:38:27.000Z,55.052055,24.988562,0,26840
2019-04-11T18:38:27.000Z,55.052055,24.988562,0,26840
2019-04-11T18:44:26.000Z,55.052067,24.988557,0,26840
2019-04-11T18:44:26.000Z,55.052067,24.988557,0,26840
2019-04-11T18:50:26.000Z,55.052127,24.988523,0,26840
2019-04-11T18:50:26.000Z,55.052127,24.988523,0,26840
2019-04-11T18:56:20.000Z,55.052115,24.988517,0,26840
2019-04-11T18:56:20.000Z,55.052115,24.988517,0,26840
2019-04-11T18:59:22.000Z,55.05215,24.988585,0,26840
2019-04-11T18:59:22.000Z,55.05215,24.988585,0,26840
2019-04-11T19:02:25.000Z,55.052048,24.9886,0,26840
2019-04-11T19:02:25.000Z,55.052048,24.9886,0,26840
2019-04-11T19:08:20.000Z,55.051985,24.98861,0,26840
2019-04-11T19:08:20.000Z,55.051985,24.98861,0,26840
2019-04-11T19:11:24.000Z,55.05199,24.988682,0,26840
2019-04-11T19:11:24.000Z,55.05199,24.988682,0,26840
2019-04-11T19:14:25.000Z,55.052063,24.988668,0,26840
2019-04-11T19:14:25.000Z,55.052063,24.988668,0,26840
2019-04-11T19:20:24.000Z,55.05220799999999,24.98854,0,26840
2019-04-11T19:20:24.000Z,55.05220799999999,24.98854,0,26840
2019-04-11T19:26:25.000Z,55.052182,24.988568,0,26840
2019-04-11T19:26:25.000Z,55.052182,24.988568,0,26840
2019-04-11T19:32:24.000Z,55.052125,24.988593,0,26840
2019-04-11T19:32:24.000Z,55.052125,24.988593,0,26840
2019-04-11T19:41:23.000Z,55.052092,24.988575,0,26840
2019-04-11T19:41:23.000Z,55.052092,24.988575,0,26840
2019-04-11T19:44:25.000Z,55.052168,24.988575,0,26840
2019-04-11T19:44:25.000Z,55.052168,24.988575,0,26840
2019-04-11T19:47:26.000Z,55.052167,24.988585,0,26840
2019-04-11T19:47:26.000Z,55.052167,24.988585,0,26840
2019-04-11T19:53:26.000Z,55.052135,24.9886,0,26840
2019-04-11T19:53:26.000Z,55.052135,24.9886,0,26840
2019-04-11T19:56:27.000Z,55.052123,24.988528,0,26840
2019-04-11T19:56:27.000Z,55.052123,24.988528,0,26840
2019-04-11T20:02:26.000Z,55.052148,24.98855,0,26840
2019-04-11T20:02:26.000Z,55.052148,24.98855,0,26840
2019-04-11T20:08:27.000Z,55.05219,24.988485,0,26840
2019-04-11T20:08:27.000Z,55.05219,24.988485,0,26840
2019-04-11T20:14:26.000Z,55.052137,24.98852,0,26840
2019-04-11T20:14:26.000Z,55.052137,24.98852,0,26840
2019-04-11T20:23:25.000Z,55.052113,24.988508,0,26840
2019-04-11T20:23:25.000Z,55.052113,24.988508,0,26840
2019-04-11T20:26:28.000Z,55.052088,24.988547,0,26840
2019-04-11T20:26:28.000Z,55.052088,24.988547,0,26840
2019-04-11T20:32:26.000Z,55.052112,24.988503,0,26840
2019-04-11T20:32:26.000Z,55.052112,24.988503,0,26840
2019-04-11T20:38:20.000Z,55.05204300000001,24.988458,0,26840
2019-04-11T20:38:20.000Z,55.05204300000001,24.988458,0,26840
2019-04-11T20:41:25.000Z,55.052112,24.988513,0,26840
2019-04-11T20:41:25.000Z,55.052112,24.988513,0,26840
2019-04-11T20:47:26.000Z,55.052098,24.988537,0,26840
2019-04-11T20:47:26.000Z,55.052098,24.988537,0,26840
2019-04-11T20:53:25.000Z,55.05198299999999,24.988688,0,26840
2019-04-11T20:53:25.000Z,55.05198299999999,24.988688,0,26840
2019-04-11T20:59:24.000Z,55.05206,24.988632,0,26840
2019-04-11T20:59:24.000Z,55.05206,24.988632,0,26840
2019-04-11T21:05:24.000Z,55.05206999999999,24.98856,0,26840
2019-04-11T21:05:24.000Z,55.05206999999999,24.98856,0,26840
2019-04-11T21:08:25.000Z,55.052018,24.988657,0,26840
2019-04-11T21:08:25.000Z,55.052018,24.988657,0,26840
2019-04-11T21:14:26.000Z,55.052073,24.988547,0,26840
2019-04-11T21:14:26.000Z,55.052073,24.988547,0,26840
2019-04-11T21:23:28.000Z,55.052108,24.988508,0,26840
2019-04-11T21:23:28.000Z,55.052108,24.988508,0,26840
2019-04-11T21:29:20.000Z,55.052077,24.988505,0,26840
2019-04-11T21:29:20.000Z,55.052077,24.988505,0,26840
2019-04-11T21:32:24.000Z,55.052095,24.988515,0,26840
2019-04-11T21:32:24.000Z,55.052095,24.988515,0,26840
2019-04-11T21:38:23.000Z,55.052038,24.988592,0,26840
2019-04-11T21:38:23.000Z,55.052038,24.988592,0,26840
2019-04-11T21:41:25.000Z,55.052168,24.988442000000006,0,26840
2019-04-11T21:41:25.000Z,55.052168,24.988442000000006,0,26840
2019-04-11T21:47:27.000Z,55.05205,24.988527,0,26840
2019-04-11T21:47:27.000Z,55.05205,24.988527,0,26840
2019-04-11T21:53:26.000Z,55.052087,24.988583,0,26840
2019-04-11T21:53:26.000Z,55.052087,24.988583,0,26840
2019-04-11T21:59:22.000Z,55.052085,24.988557,0,26840
2019-04-11T21:59:22.000Z,55.052085,24.988557,0,26840
2019-04-11T22:02:23.000Z,55.052077,24.988587,0,26840
2019-04-11T22:02:23.000Z,55.052077,24.988587,0,26840
2019-04-11T22:11:25.000Z,55.05219200000001,24.988485,0,26840
2019-04-11T22:11:25.000Z,55.05219200000001,24.988485,0,26840
2019-04-11T22:17:25.000Z,55.052075,24.988705,0,26840
2019-04-11T22:17:25.000Z,55.052075,24.988705,0,26840
2019-04-11T22:23:23.000Z,55.05219,24.988407,0,26840
2019-04-11T22:23:23.000Z,55.05219,24.988407,0,26840
2019-04-11T22:32:25.000Z,55.052087,24.988568,0,26840
2019-04-11T22:32:25.000Z,55.052087,24.988568,0,26840
2019-04-11T22:38:25.000Z,55.052087,24.988628,0,26840
2019-04-11T22:38:25.000Z,55.052087,24.988628,0,26840
2019-04-11T22:44:23.000Z,55.052108,24.988557,0,26840
2019-04-11T22:44:23.000Z,55.052108,24.988557,0,26840
2019-04-11T22:50:25.000Z,55.05210699999999,24.988418,0,26840
2019-04-11T22:50:25.000Z,55.05210699999999,24.988418,0,26840
2019-04-11T22:59:26.000Z,55.05205,24.988575,0,26840
2019-04-11T22:59:26.000Z,55.05205,24.988575,0,26840
2019-04-11T22:59:26.000Z,55.05205,24.988575,0,26840
2019-04-11T23:05:25.000Z,55.052177,24.988452,0,26840
2019-04-11T23:05:25.000Z,55.052177,24.988452,0,26840
2019-04-11T23:05:25.000Z,55.052177,24.988452,0,26840
2019-04-11T23:08:27.000Z,55.05213199999999,24.988527,0,26840
2019-04-11T23:08:27.000Z,55.05213199999999,24.988527,0,26840
2019-04-11T23:08:27.000Z,55.05213199999999,24.988527,0,26840
2019-04-11T23:14:25.000Z,55.052148,24.988438,0,26840
2019-04-11T23:14:25.000Z,55.052148,24.988438,0,26840
2019-04-11T23:14:25.000Z,55.052148,24.988438,0,26840
2019-04-11T23:20:21.000Z,55.052125,24.98849,0,26840
2019-04-11T23:20:21.000Z,55.052125,24.98849,0,26840
2019-04-11T23:20:21.000Z,55.052125,24.98849,0,26840
2019-04-11T23:23:25.000Z,55.052115,24.988485,0,26840
2019-04-11T23:23:25.000Z,55.052115,24.988485,0,26840
2019-04-11T23:23:25.000Z,55.052115,24.988485,0,26840
2019-04-11T23:29:25.000Z,55.05208199999999,24.988468,0,26840
2019-04-11T23:29:25.000Z,55.05208199999999,24.988468,0,26840
2019-04-11T23:29:25.000Z,55.05208199999999,24.988468,0,26840
2019-04-11T23:35:23.000Z,55.052163,24.988528,0,26840
2019-04-11T23:35:23.000Z,55.052163,24.988528,0,26840
2019-04-11T23:35:23.000Z,55.052163,24.988528,0,26840
2019-04-11T23:41:23.000Z,55.052197,24.988623,0,26840
2019-04-11T23:41:23.000Z,55.052197,24.988623,0,26840
2019-04-11T23:41:23.000Z,55.052197,24.988623,0,26840
2019-04-11T23:47:26.000Z,55.052007,24.988725,0,26840
2019-04-11T23:47:26.000Z,55.052007,24.988725,0,26840
2019-04-11T23:47:26.000Z,55.052007,24.988725,0,26840
2019-04-11T23:53:26.000Z,55.052147,24.988635,0,26840
2019-04-11T23:53:26.000Z,55.052147,24.988635,0,26840
2019-04-11T23:53:26.000Z,55.052147,24.988635,0,26840
2019-04-12T00:05:27.000Z,55.052128,24.9885,0,26840
2019-04-12T00:05:27.000Z,55.052128,24.9885,0,26840
2019-04-12T00:05:27.000Z,55.052128,24.9885,0,26840
2019-04-12T00:11:28.000Z,55.051833,24.988767000000006,0,26840
2019-04-12T00:11:28.000Z,55.051833,24.988767000000006,0,26840
2019-04-12T00:11:28.000Z,55.051833,24.988767000000006,0,26840
2019-04-12T00:17:26.000Z,55.052053,24.988517,0,26840
2019-04-12T00:17:26.000Z,55.052053,24.988517,0,26840
2019-04-12T00:17:26.000Z,55.052053,24.988517,0,26840
2019-04-12T00:23:25.000Z,55.052072,24.988513,0,26840
2019-04-12T00:23:25.000Z,55.052072,24.988513,0,26840
2019-04-12T00:23:25.000Z,55.052072,24.988513,0,26840
2019-04-12T00:29:25.000Z,55.052027,24.988502,0,26840
2019-04-12T00:29:25.000Z,55.052027,24.988502,0,26840
2019-04-12T00:29:25.000Z,55.052027,24.988502,0,26840
2019-04-12T00:35:25.000Z,55.052052,24.988605,0,26840
2019-04-12T00:35:25.000Z,55.052052,24.988605,0,26840
2019-04-12T00:35:25.000Z,55.052052,24.988605,0,26840
2019-04-12T00:38:27.000Z,55.052035,24.988567,0,26840
2019-04-12T00:38:27.000Z,55.052035,24.988567,0,26840
2019-04-12T00:38:27.000Z,55.052035,24.988567,0,26840
2019-04-12T00:44:25.000Z,55.05214300000001,24.98845,0,26840
2019-04-12T00:44:25.000Z,55.05214300000001,24.98845,0,26840
2019-04-12T00:44:25.000Z,55.05214300000001,24.98845,0,26840
2019-04-12T00:47:28.000Z,55.052083,24.988533,0,26840
2019-04-12T00:47:28.000Z,55.052083,24.988533,0,26840
2019-04-12T00:47:28.000Z,55.052083,24.988533,0,26840
2019-04-12T00:53:28.000Z,55.05206,24.988535,0,26840
2019-04-12T00:53:28.000Z,55.05206,24.988535,0,26840
2019-04-12T00:53:28.000Z,55.05206,24.988535,0,26840
2019-04-12T00:59:28.000Z,55.052148,24.98851,0,26840
2019-04-12T00:59:28.000Z,55.052148,24.98851,0,26840
2019-04-12T00:59:28.000Z,55.052148,24.98851,0,26840
2019-04-12T01:05:23.000Z,55.052065,24.988585,0,26840
2019-04-12T01:05:23.000Z,55.052065,24.988585,0,26840
2019-04-12T01:05:23.000Z,55.052065,24.988585,0,26840
2019-04-12T01:08:24.000Z,55.052065,24.988648,0,26840
2019-04-12T01:08:24.000Z,55.052065,24.988648,0,26840
2019-04-12T01:08:24.000Z,55.052065,24.988648,0,26840
2019-04-12T01:11:26.000Z,55.05206800000001,24.988582,0,26840
2019-04-12T01:11:26.000Z,55.05206800000001,24.988582,0,26840
2019-04-12T01:11:26.000Z,55.05206800000001,24.988582,0,26840
2019-04-12T01:17:25.000Z,55.05204200000001,24.988608,0,26840
2019-04-12T01:17:25.000Z,55.05204200000001,24.988608,0,26840
2019-04-12T01:17:25.000Z,55.05204200000001,24.988608,0,26840
2019-04-12T01:23:22.000Z,55.052007,24.988623,0,26840
2019-04-12T01:23:22.000Z,55.052007,24.988623,0,26840
2019-04-12T01:23:22.000Z,55.052007,24.988623,0,26840
2019-04-12T01:26:27.000Z,55.052072,24.988542,0,26840
2019-04-12T01:26:27.000Z,55.052072,24.988542,0,26840
2019-04-12T01:26:27.000Z,55.052072,24.988542,0,26840
2019-04-12T01:32:28.000Z,55.052152,24.988472,0,26840
2019-04-12T01:32:28.000Z,55.052152,24.988472,0,26840
2019-04-12T01:32:28.000Z,55.052152,24.988472,0,26840
2019-04-12T01:38:27.000Z,55.052112,24.988615,0,26840
2019-04-12T01:38:27.000Z,55.052112,24.988615,0,26840
2019-04-12T01:38:27.000Z,55.052112,24.988615,0,26840
2019-04-12T01:44:26.000Z,55.05210200000001,24.988492,0,26840
2019-04-12T01:44:26.000Z,55.05210200000001,24.988492,0,26840
2019-04-12T01:44:26.000Z,55.05210200000001,24.988492,0,26840
2019-04-12T01:50:27.000Z,55.052257,24.988657,0,26840
2019-04-12T01:50:27.000Z,55.052257,24.988657,0,26840
2019-04-12T01:50:27.000Z,55.052257,24.988657,0,26840
2019-04-12T01:56:28.000Z,55.052325,24.988593,0,26840
2019-04-12T01:56:28.000Z,55.052325,24.988593,0,26840
2019-04-12T01:56:28.000Z,55.052325,24.988593,0,26840
2019-04-12T02:02:29.000Z,55.052177,24.988522,0,26840
2019-04-12T02:02:29.000Z,55.052177,24.988522,0,26840
2019-04-12T02:02:29.000Z,55.052177,24.988522,0,26840
2019-04-12T02:08:30.000Z,55.05212,24.98856,0,6500
2019-04-12T02:08:30.000Z,55.05212,24.98856,0,6500
2019-04-12T02:08:30.000Z,55.05212,24.98856,0,6500
2019-04-12T02:14:22.000Z,55.05208,24.988525,0,6500
2019-04-12T02:14:22.000Z,55.05208,24.988525,0,6500
2019-04-12T02:14:22.000Z,55.05208,24.988525,0,6500
2019-04-12T02:20:27.000Z,55.052065,24.988508,0,6500
2019-04-12T02:20:27.000Z,55.052065,24.988508,0,6500
2019-04-12T02:20:27.000Z,55.052065,24.988508,0,6500
2019-04-12T02:26:26.000Z,55.05235,24.988575,1,7440
2019-04-12T02:26:26.000Z,55.05235,24.988575,1,7440
2019-04-12T02:26:26.000Z,55.05235,24.988575,1,7440
2019-04-12T02:29:27.000Z,55.05285799999999,24.98849,2,15680
2019-04-12T02:29:27.000Z,55.05285799999999,24.98849,2,15680
2019-04-12T02:29:27.000Z,55.05285799999999,24.98849,2,15680
2019-04-12T02:32:26.000Z,55.053408,24.987472,3,14420
2019-04-12T02:32:26.000Z,55.053408,24.987472,3,14420
2019-04-12T02:32:26.000Z,55.053408,24.987472,3,14420
2019-04-12T03:15:56.000Z,54.977013,25.084917,25,31420
2019-04-12T03:15:56.000Z,54.977013,25.084917,25,31420
2019-04-12T03:15:56.000Z,54.977013,25.084917,25,31420
2019-04-12T03:19:16.000Z,54.96786,25.092845,20,31340
2019-04-12T03:19:16.000Z,54.96786,25.092845,20,31340
2019-04-12T03:19:16.000Z,54.96786,25.092845,20,31340
2019-04-12T03:22:55.000Z,54.959967000000006,25.099728,17,31440
2019-04-12T03:22:55.000Z,54.959967000000006,25.099728,17,31440
2019-04-12T03:22:55.000Z,54.959967000000006,25.099728,17,31440
2019-04-12T03:26:37.000Z,54.951838,25.106852,19,31360
2019-04-12T03:26:37.000Z,54.951838,25.106852,19,31360
2019-04-12T03:26:37.000Z,54.951838,25.106852,19,31360
2019-04-12T03:31:46.000Z,54.939838,25.117895,20,31500
2019-04-12T03:31:46.000Z,54.939838,25.117895,20,31500
2019-04-12T03:31:46.000Z,54.939838,25.117895,20,31500
2019-04-12T03:34:22.000Z,54.933203000000006,25.123678,20,31340
2019-04-12T03:34:22.000Z,54.933203000000006,25.123678,20,31340
2019-04-12T03:34:22.000Z,54.933203000000006,25.123678,20,31340
2019-04-12T03:39:49.000Z,54.918407,25.136433,23,31320
2019-04-12T03:39:49.000Z,54.918407,25.136433,23,31320
2019-04-12T03:39:49.000Z,54.918407,25.136433,23,31320
2019-04-12T03:46:16.000Z,54.9011,25.152427,23,32980
2019-04-12T03:46:16.000Z,54.9011,25.152427,23,32980
2019-04-12T03:46:16.000Z,54.9011,25.152427,23,32980
2019-04-12T03:52:16.000Z,54.89301500000001,25.17154,22,35930
2019-04-12T03:52:16.000Z,54.89301500000001,25.17154,22,35930
2019-04-12T03:52:16.000Z,54.89301500000001,25.17154,22,35930
2019-04-12T03:55:57.000Z,54.89279499999999,25.184232,23,35900
2019-04-12T03:55:57.000Z,54.89279499999999,25.184232,23,35900
2019-04-12T03:55:57.000Z,54.89279499999999,25.184232,23,35900
2019-04-12T03:59:17.000Z,54.892937,25.195942,22,1070
2019-04-12T03:59:17.000Z,54.892937,25.195942,22,1070
2019-04-12T03:59:17.000Z,54.892937,25.195942,22,1070
2019-04-12T04:06:44.000Z,54.8996,25.22103,22,1350
2019-04-12T04:06:44.000Z,54.8996,25.22103,22,1350
2019-04-12T04:06:44.000Z,54.8996,25.22103,22,1350
2019-04-12T04:10:23.000Z,54.90286,25.233422,23,1340
2019-04-12T04:10:23.000Z,54.90286,25.233422,23,1340
2019-04-12T04:10:23.000Z,54.90286,25.233422,23,1340
2019-04-12T04:13:48.000Z,54.905963,25.245262,23,1330
2019-04-12T04:13:48.000Z,54.905963,25.245262,23,1330
2019-04-12T04:13:48.000Z,54.905963,25.245262,23,1330
2019-04-12T04:17:54.000Z,54.90947,25.258848,23,1350
2019-04-12T04:17:54.000Z,54.90947,25.258848,23,1350
2019-04-12T04:17:54.000Z,54.90947,25.258848,23,1350
2019-04-12T04:21:21.000Z,54.912605000000006,25.270823,23,1330
2019-04-12T04:21:21.000Z,54.912605000000006,25.270823,23,1330
2019-04-12T04:21:21.000Z,54.912605000000006,25.270823,23,1330
2019-04-12T04:25:38.000Z,54.91668000000001,25.285412,23,1620
2019-04-12T04:25:38.000Z,54.91668000000001,25.285412,23,1620
2019-04-12T04:25:38.000Z,54.91668000000001,25.285412,23,1620
2019-04-12T04:29:53.000Z,54.92129499999999,25.299342000000006,23,1790
2019-04-12T04:29:53.000Z,54.92129499999999,25.299342000000006,23,1790
2019-04-12T04:29:53.000Z,54.92129499999999,25.299342000000006,23,1790
2019-04-12T04:33:33.000Z,54.925577,25.31152,22,1320
2019-04-12T04:33:33.000Z,54.925577,25.31152,22,1320
2019-04-12T04:33:33.000Z,54.925577,25.31152,22,1320
2019-04-12T04:37:46.000Z,54.92693000000001,25.325722,22,310
2019-04-12T04:37:46.000Z,54.92693000000001,25.325722,22,310
2019-04-12T04:37:46.000Z,54.92693000000001,25.325722,22,310
2019-04-12T04:42:04.000Z,54.928987,25.34043,22,1510
2019-04-12T04:42:04.000Z,54.928987,25.34043,22,1510
2019-04-12T04:42:04.000Z,54.928987,25.34043,22,1510
2019-04-12T04:45:54.000Z,54.93294,25.353262,23,1700
2019-04-12T04:45:54.000Z,54.93294,25.353262,23,1700
2019-04-12T04:45:54.000Z,54.93294,25.353262,23,1700
2019-04-12T04:49:12.000Z,54.936673,25.364385,23,1680
2019-04-12T04:49:12.000Z,54.936673,25.364385,23,1680
2019-04-12T04:49:12.000Z,54.936673,25.364385,23,1680
2019-04-12T04:53:56.000Z,54.941988,25.38011,23,1880
2019-04-12T04:53:56.000Z,54.941988,25.38011,23,1880
2019-04-12T04:53:56.000Z,54.941988,25.38011,23,1880
2019-04-12T04:57:36.000Z,54.946813,25.392262,23,1980
2019-04-12T04:57:36.000Z,54.946813,25.392262,23,1980
2019-04-12T04:57:36.000Z,54.946813,25.392262,23,1980
2019-04-12T05:01:34.000Z,54.952087,25.405435,23,2000
2019-04-12T05:01:34.000Z,54.952087,25.405435,23,2000
2019-04-12T05:01:34.000Z,54.952087,25.405435,23,2000
2019-04-12T05:05:08.000Z,54.956738,25.417053,23,2010
2019-04-12T05:05:08.000Z,54.956738,25.417053,23,2010
2019-04-12T05:05:08.000Z,54.956738,25.417053,23,2010
2019-04-12T05:09:36.000Z,54.962747,25.431973,23,2070
2019-04-12T05:09:36.000Z,54.962747,25.431973,23,2070
2019-04-12T05:09:36.000Z,54.962747,25.431973,23,2070
2019-04-12T05:13:12.000Z,54.967947,25.444017,23,2160
2019-04-12T05:13:12.000Z,54.967947,25.444017,23,2160
2019-04-12T05:13:12.000Z,54.967947,25.444017,23,2160
2019-04-12T05:17:46.000Z,54.974348,25.458693,23,2170
2019-04-12T05:17:46.000Z,54.974348,25.458693,23,2170
2019-04-12T05:17:46.000Z,54.974348,25.458693,23,2170
2019-04-12T05:21:45.000Z,54.980037,25.471813,23,2140
2019-04-12T05:21:45.000Z,54.980037,25.471813,23,2140
2019-04-12T05:21:45.000Z,54.980037,25.471813,23,2140
2019-04-12T05:26:06.000Z,54.98624,25.485958,23,2310
2019-04-12T05:26:06.000Z,54.98624,25.485958,23,2310
2019-04-12T05:26:06.000Z,54.98624,25.485958,23,2310
2019-04-12T05:29:15.000Z,54.99260200000001,25.495332,22,4140
2019-04-12T05:29:15.000Z,54.99260200000001,25.495332,22,4140
2019-04-12T05:29:15.000Z,54.99260200000001,25.495332,22,4140
2019-04-12T05:33:49.000Z,55.002527,25.508372,22,2330
2019-04-12T05:33:49.000Z,55.002527,25.508372,22,2330
2019-04-12T05:33:49.000Z,55.002527,25.508372,22,2330
2019-04-12T05:38:07.000Z,55.008782,25.521607,22,2340
2019-04-12T05:38:07.000Z,55.008782,25.521607,22,2340
2019-04-12T05:38:07.000Z,55.008782,25.521607,22,2340
2019-04-12T05:41:25.000Z,55.01387,25.532188,23,2340
2019-04-12T05:41:25.000Z,55.01387,25.532188,23,2340
2019-04-12T05:41:25.000Z,55.01387,25.532188,23,2340
2019-04-12T05:45:35.000Z,55.021067,25.545125,23,3630
2019-04-12T05:45:35.000Z,55.021067,25.545125,23,3630
2019-04-12T05:45:35.000Z,55.021067,25.545125,23,3630
2019-04-12T05:49:24.000Z,55.030672,25.5552,22,4130
2019-04-12T05:49:24.000Z,55.030672,25.5552,22,4130
2019-04-12T05:49:24.000Z,55.030672,25.5552,22,4130
2019-04-12T05:53:55.000Z,55.042157,25.567068,23,4290
2019-04-12T05:53:55.000Z,55.042157,25.567068,23,4290
2019-04-12T05:53:55.000Z,55.042157,25.567068,23,4290
2019-04-12T05:57:13.000Z,55.050963,25.575477,23,4320
2019-04-12T05:57:13.000Z,55.050963,25.575477,23,4320
2019-04-12T05:57:13.000Z,55.050963,25.575477,23,4320
2019-04-12T06:02:25.000Z,55.06484200000001,25.58878,23,4360
2019-04-12T06:02:25.000Z,55.06484200000001,25.58878,23,4360
2019-04-12T06:02:25.000Z,55.06484200000001,25.58878,23,4360
2019-04-12T06:04:58.000Z,55.071888,25.595487,23,4380
2019-04-12T06:04:58.000Z,55.071888,25.595487,23,4380
2019-04-12T06:04:58.000Z,55.071888,25.595487,23,4380
2019-04-12T06:09:25.000Z,55.084037,25.606178,23,4710
2019-04-12T06:09:25.000Z,55.084037,25.606178,23,4710
2019-04-12T06:09:25.000Z,55.084037,25.606178,23,4710
2019-04-12T06:13:52.000Z,55.096727,25.616842,23,4730
2019-04-12T06:13:52.000Z,55.096727,25.616842,23,4730
2019-04-12T06:13:52.000Z,55.096727,25.616842,23,4730
2019-04-12T06:17:36.000Z,55.107175,25.625567,23,4760
2019-04-12T06:17:36.000Z,55.107175,25.625567,23,4760
2019-04-12T06:17:36.000Z,55.107175,25.625567,23,4760
2019-04-12T06:21:25.000Z,55.11818,25.634608,23,4660
2019-04-12T06:21:25.000Z,55.11818,25.634608,23,4660
2019-04-12T06:21:25.000Z,55.11818,25.634608,23,4660
2019-04-12T06:24:53.000Z,55.127073,25.643767,23,3750
2019-04-12T06:24:53.000Z,55.127073,25.643767,23,3750
2019-04-12T06:24:53.000Z,55.127073,25.643767,23,3750
2019-04-12T06:29:39.000Z,55.14315,25.651125,22,7060
2019-04-12T06:29:39.000Z,55.14315,25.651125,22,7060
2019-04-12T06:29:39.000Z,55.14315,25.651125,22,7060
2019-04-12T06:32:54.000Z,55.15354,25.656237,22,5190
2019-04-12T06:32:54.000Z,55.15354,25.656237,22,5190
2019-04-12T06:32:54.000Z,55.15354,25.656237,22,5190
2019-04-12T06:36:28.000Z,55.163945,25.664513,23,4860
2019-04-12T06:36:28.000Z,55.163945,25.664513,23,4860
2019-04-12T06:36:28.000Z,55.163945,25.664513,23,4860
2019-04-12T06:38:55.000Z,55.170812,25.669992,23,4840
2019-04-12T06:38:55.000Z,55.170812,25.669992,23,4840
2019-04-12T06:38:55.000Z,55.170812,25.669992,23,4840
2019-04-12T06:43:39.000Z,55.185097,25.68147,23,4860
2019-04-12T06:43:39.000Z,55.185097,25.68147,23,4860
2019-04-12T06:43:39.000Z,55.185097,25.68147,23,4860
2019-04-12T06:49:29.000Z,55.202632,25.695405,24,5000
2019-04-12T06:49:29.000Z,55.202632,25.695405,24,5000
2019-04-12T06:49:29.000Z,55.202632,25.695405,24,5000
2019-04-12T06:52:17.000Z,55.211477,25.701917,24,5170
2019-04-12T06:52:17.000Z,55.211477,25.701917,24,5170
2019-04-12T06:52:17.000Z,55.211477,25.701917,24,5170
2019-04-12T06:55:11.000Z,55.22049499999999,25.708377,24,5210
2019-04-12T06:55:11.000Z,55.22049499999999,25.708377,24,5210
2019-04-12T06:55:11.000Z,55.22049499999999,25.708377,24,5210
2019-04-12T07:02:18.000Z,55.24354,25.724307,24,5330
2019-04-12T07:02:18.000Z,55.24354,25.724307,24,5330
2019-04-12T07:02:18.000Z,55.24354,25.724307,24,5330
2019-04-12T07:04:59.000Z,55.252242,25.73018,24,5340
2019-04-12T07:04:59.000Z,55.252242,25.73018,24,5340
2019-04-12T07:04:59.000Z,55.252242,25.73018,24,5340
2019-04-12T07:06:59.000Z,55.258745,25.73457,24,5310
2019-04-12T07:06:59.000Z,55.258745,25.73457,24,5310
2019-04-12T07:06:59.000Z,55.258745,25.73457,24,5310
2019-04-12T07:13:18.000Z,55.279085,25.748427,24,5310
2019-04-12T07:13:18.000Z,55.279085,25.748427,24,5310
2019-04-12T07:13:18.000Z,55.279085,25.748427,24,5310
2019-04-12T07:22:38.000Z,55.308883,25.768773,23,5220
2019-04-12T07:22:38.000Z,55.308883,25.768773,23,5220
2019-04-12T07:22:38.000Z,55.308883,25.768773,23,5220
2019-04-12T07:24:29.000Z,55.314625,25.772795,23,5190
2019-04-12T07:24:29.000Z,55.314625,25.772795,23,5190
2019-04-12T07:24:29.000Z,55.314625,25.772795,23,5190
2019-04-12T07:32:18.000Z,55.33922800000001,25.788985,23,5410
2019-04-12T07:32:18.000Z,55.33922800000001,25.788985,23,5410
2019-04-12T07:32:18.000Z,55.33922800000001,25.788985,23,5410
2019-04-12T07:36:39.000Z,55.352792,25.797858,22,5420
2019-04-12T07:36:39.000Z,55.352792,25.797858,22,5420
2019-04-12T07:36:39.000Z,55.352792,25.797858,22,5420
2019-04-12T07:41:28.000Z,55.3678,25.80762,22,5440
2019-04-12T07:41:28.000Z,55.3678,25.80762,22,5440
2019-04-12T07:41:28.000Z,55.3678,25.80762,22,5440
2019-04-12T08:04:39.000Z,55.42325699999999,25.869873,23,4420
2019-04-12T08:04:39.000Z,55.42325699999999,25.869873,23,4420
2019-04-12T08:04:39.000Z,55.42325699999999,25.869873,23,4420
2019-04-12T08:12:58.000Z,55.448473,25.88853,23,5540
2019-04-12T08:16:58.000Z,55.461092,25.896877,23,4890
2019-04-12T09:45:08.000Z,55.749685,26.061302,23,5340
2019-04-12T09:53:08.000Z,55.77470200000001,26.07803,23,5350
2019-04-12T10:38:28.000Z,55.91092,26.17596,22,5100
2019-04-12T10:41:48.000Z,55.920665,26.182878,22,5240
2019-04-12T10:55:13.000Z,55.95559,26.20523,21,4700
2019-04-12T11:07:19.000Z,55.99411800000001,26.234293,22,5060
2019-04-12T11:09:39.000Z,56.000827,26.239227000000003,22,5160
2019-04-12T11:15:18.000Z,56.017418000000006,26.250848,22,5280
2019-04-12T12:50:07.000Z,56.26957,26.43068,23,5100
2019-04-12T18:32:18.000Z,57.00122,25.78564,22,15210
2019-04-12T18:34:10.000Z,57.004502,25.78004,22,15230
2019-04-12T18:53:29.000Z,57.03057800000001,25.717692,22,16080
2019-04-12T19:02:19.000Z,57.038983,25.688708,22,16720
2019-04-12T19:04:19.000Z,57.040645,25.682095,22,16720
2019-04-12T19:33:19.000Z,57.064578,25.586718,22,16750
2019-04-12T19:36:47.000Z,57.067477,25.575237,22,16670
2019-04-12T19:41:08.000Z,57.071035,25.561002,22,16700
2019-04-12T19:44:49.000Z,57.074012,25.548818,22,16760
2019-04-12T19:48:59.000Z,57.07738000000001,25.534988,22,16770
2019-04-12T19:51:58.000Z,57.079885,25.525105,22,16400
2019-04-12T19:57:18.000Z,57.08827700000001,25.509,22,14880
2019-04-12T20:02:40.000Z,57.098898,25.493582,22,14360
2019-04-12T20:09:29.000Z,57.116512,25.476765,22,13580
2019-04-12T20:12:58.000Z,57.125655,25.468295,22,13570
2019-04-12T20:16:00.000Z,57.133722,25.46089,22,13540
2019-04-12T20:50:37.000Z,57.225408,25.374333,22,13730
2019-04-13T05:32:37.000Z,58.627253,24.1492,24,13380
2019-04-13T18:02:47.000Z,59.97213299999999,21.93592,23,18990
2019-04-13T18:03:46.000Z,59.971467,21.932373,23,18950
2019-04-13T18:55:47.000Z,59.938427,21.748453,23,19010
2019-04-13T19:57:10.000Z,59.88871999999999,21.531013,24,20220
2019-04-14T00:41:59.000Z,59.703962,20.509252,23,18980
2019-04-14T04:05:30.000Z,59.575355,19.800233,23,18960
2019-04-14T06:06:35.000Z,59.52544,19.378293,23,19180
2019-04-14T07:43:45.000Z,59.441653,19.048853,22,19000
2019-04-14T08:07:37.000Z,59.426773,18.96784,23,19030
2019-04-14T10:13:15.000Z,59.344227,18.528465,23,19130
2019-04-14T12:28:16.000Z,59.253945,18.05438,23,19090
2019-04-14T15:45:16.000Z,59.129045,17.368528,23,19020
2019-04-14T17:07:26.000Z,59.074708,17.079663,23,18950
2019-04-14T19:01:48.000Z,59.00136,16.68208,24,18960
2019-04-14T19:46:46.000Z,58.97576,16.521867,23,18830
2019-04-14T20:12:38.000Z,58.95963199999999,16.430763,23,18980
2019-04-14T20:34:58.000Z,58.944223,16.351665,24,19020
2019-04-14T22:53:16.000Z,58.853125,15.852893,24,18940
2019-04-14T23:10:45.000Z,58.84216,15.78808,24,18990
2019-04-15T00:48:45.000Z,58.772613,15.424532999999998,24,19580
2019-04-15T06:19:59.000Z,58.556638,14.205429999999998,24,18930
2019-04-15T06:52:39.000Z,58.535453,14.08901,23,19000
2019-04-15T07:48:44.000Z,58.498613,13.886107,24,18850
2019-04-15T08:01:30.000Z,58.490637,13.840785,24,18960
2019-04-15T08:15:58.000Z,58.481147,13.787679999999998,24,19050
2019-04-15T13:18:09.000Z,58.298045,12.753542,22,18860
2019-04-15T13:48:49.000Z,58.280512,12.649302,23,19190
2019-04-15T14:15:09.000Z,58.261215,12.559182,22,19250
2019-04-15T15:50:58.000Z,58.15584200000001,12.239532,23,19970
2019-04-15T16:17:40.000Z,58.123537,12.150663,23,20050
2019-04-15T17:35:47.000Z,58.029287,11.889582,23,19910
2019-04-15T17:37:13.000Z,58.027467,11.884507,23,19980
2019-04-15T18:00:56.000Z,57.999047,11.805575,23,19890
2019-04-15T18:22:01.000Z,57.975333,11.73464,23,19700
2019-04-15T18:41:19.000Z,57.95421700000001,11.669102,23,19800
2019-04-15T19:14:48.000Z,57.91491,11.557472,23,19990
2019-04-15T19:38:40.000Z,57.885558,11.477645,23,20020
2019-04-15T19:41:49.000Z,57.88189300000001,11.467627,23,19990
2019-04-15T19:46:50.000Z,57.87530699999999,11.44968,23,20010
2019-04-15T19:54:16.000Z,57.86626700000001,11.425067,23,19860
2019-04-15T19:54:37.000Z,57.865867,11.42392,23,19870
2019-04-16T00:15:38.000Z,57.560448,10.557133,22,19850
2019-04-16T01:41:29.000Z,57.463562,10.278992,22,19970
2019-04-16T04:33:56.000Z,57.264683,9.711372,23,19880
2019-04-16T05:57:50.000Z,57.16306700000001,9.423573,24,19940
2019-04-16T06:28:49.000Z,57.127013,9.317653,24,19880
2019-04-16T06:47:06.000Z,57.1048,9.25288,24,20110
2019-04-16T07:55:55.000Z,57.004293,9.01912,24,21270
2019-04-16T08:09:13.000Z,56.977013,8.977973,25,21400
2019-04-16T08:20:51.000Z,56.952747,8.941013,25,21300
2019-04-16T11:12:00.000Z,56.598632,8.394633,25,21230
2019-04-16T12:03:39.000Z,56.491715,8.229536999999999,25,21200
2019-04-16T13:24:00.000Z,56.326395,7.974436999999999,24,21190
2019-04-16T16:37:38.000Z,55.939888,7.372452,23,21320
2019-04-16T18:12:00.000Z,55.754987,7.082692999999999,24,21360
2019-04-16T18:50:48.000Z,55.678365,6.965342999999999,24,21330
2019-04-16T18:52:24.000Z,55.674987,6.960213,24,21370
2019-04-16T19:18:12.000Z,55.623387,6.882107,23,21300
2019-04-16T19:22:10.000Z,55.615547,6.870133,23,21330
2019-04-16T20:06:58.000Z,55.528498,6.734315,24,21290
2019-04-16T20:12:12.000Z,55.5184,6.7187199999999985,23,21270
2019-04-17T00:16:46.000Z,55.048827,5.983333,23,21240
2019-04-17T01:26:40.000Z,54.91513199999999,5.776745,23,21210
2019-04-17T01:55:10.000Z,54.860973,5.690112,23,21100
2019-04-17T02:48:07.000Z,54.7608,5.531408,23,21270
2019-04-17T03:24:58.000Z,54.68993,5.422515,23,21400
2019-04-17T03:25:56.000Z,54.687943,5.419568,23,21400
2019-04-17T05:13:47.000Z,54.48546700000001,5.105813,23,21140
2019-04-17T05:14:07.000Z,54.48490699999999,5.104853,23,21160
2019-04-17T05:45:06.000Z,54.4284,5.013147,23,21260
2019-04-17T06:43:10.000Z,54.319532,4.841443,23,21180
2019-04-17T07:04:29.000Z,54.278995,4.77855,23,21230
2019-04-17T07:49:34.000Z,54.194008,4.643368,23,21470
2019-04-17T07:54:36.000Z,54.183028,4.629237,23,21910
2019-04-17T07:56:33.000Z,54.178693,4.62384,23,21820
2019-04-17T08:15:28.000Z,54.13770699999999,4.572133,23,21700
2019-04-17T08:17:12.000Z,54.134053,4.567307,23,21720
2019-04-17T08:17:16.000Z,54.13389300000001,4.56712,23,21690
2019-04-17T08:17:22.000Z,54.133707,4.566827,23,21590
2019-04-17T08:17:27.000Z,54.13349300000001,4.56656,23,21600
2019-04-17T08:17:32.000Z,54.13336,4.5663730000000005,23,21540
2019-04-17T08:17:35.000Z,54.13322700000001,4.566187,23,21540
2019-04-17T08:17:59.000Z,54.132427,4.56504,23,21510
2019-04-17T08:18:01.000Z,54.132347,4.56496,23,21530
2019-04-17T08:18:08.000Z,54.132133,4.564667,23,21560
2019-04-17T08:18:14.000Z,54.131947,4.564373000000002,23,21500
2019-04-17T08:19:22.000Z,54.12965300000001,4.561147,23,21480
2019-04-17T08:19:42.000Z,54.128987,4.560187,23,21410
2019-04-17T08:20:00.000Z,54.1284,4.5593330000000005,23,21390
2019-04-17T08:20:04.000Z,54.128293000000006,4.559147,23,21400
2019-04-17T08:20:16.000Z,54.12789300000001,4.55856,23,21380
2019-04-17T08:20:18.000Z,54.12784,4.55848,23,21380
2019-04-17T08:20:22.000Z,54.127707,4.558267,22,21360
2019-04-17T08:20:37.000Z,54.1272,4.557493,22,21330
2019-04-17T08:20:57.000Z,54.12656,4.556533,23,21350
2019-04-17T08:21:00.000Z,54.126507,4.5564269999999985,22,21310
2019-04-17T08:21:09.000Z,54.126187,4.555947,23,21340
2019-04-17T08:21:12.000Z,54.126133,4.555867,22,21330
2019-04-17T08:21:13.000Z,54.12605300000001,4.55576,22,21330
2019-04-17T08:21:18.000Z,54.12592,4.555573000000001,23,21360
2019-04-17T08:21:20.000Z,54.12586700000001,4.555467,22,21350
2019-04-17T08:21:28.000Z,54.125627,4.555093,23,21330
2019-04-17T08:21:29.000Z,54.125547,4.5549870000000015,23,21330
2019-04-17T11:21:57.000Z,53.80396700000001,4.035888,22,21350
2019-04-17T11:57:49.000Z,53.73795300000001,3.934193,22,20970
2019-04-17T12:30:09.000Z,53.681783,3.840963,22,21190
2019-04-17T13:37:10.000Z,53.556852,3.649377,22,21320
2019-04-17T14:38:40.000Z,53.442712,3.472002,22,21170
2019-04-17T14:39:40.000Z,53.440912,3.469093,22,21220
2019-04-17T14:47:48.000Z,53.426338,3.445172,22,21190
2019-04-17T14:50:38.000Z,53.42121,3.43689,22,21130
2019-04-17T14:53:38.000Z,53.415668,3.428147,22,21210
2019-04-17T16:14:00.000Z,53.265292,3.1945900000000003,23,21250
2019-04-17T17:32:27.000Z,53.11552,2.960773,23,21380
2019-04-17T17:33:27.000Z,53.113573,2.957813,23,21400
2019-04-17T17:45:37.000Z,53.089547,2.920853,23,21290
2019-04-17T18:30:00.000Z,53.00524,2.786235,23,21210
2019-04-17T18:39:58.000Z,52.98600500000001,2.7559150000000003,23,21260
2019-04-17T18:41:49.000Z,52.98248,2.75032,23,21250
2019-04-17T18:41:59.000Z,52.98216,2.749813,23,21270
2019-04-17T18:42:38.000Z,52.980880000000006,2.747867,23,21300
2019-04-17T18:42:59.000Z,52.980213,2.7468,23,21280
2019-04-17T18:43:49.000Z,52.978587,2.744267,23,21290
2019-04-17T18:43:59.000Z,52.97824,2.74376,23,21340
2019-04-17T18:44:09.000Z,52.97792,2.74328,23,21260
2019-04-17T18:44:39.000Z,52.97696,2.74176,23,21270
2019-04-17T19:02:19.000Z,52.943197,2.688148,23,21210
2019-04-17T19:06:46.000Z,52.934613,2.67456,23,21280
2019-04-17T19:07:45.000Z,52.932747,2.671627,23,21290
2019-04-17T19:24:09.000Z,52.901952,2.6230450000000003,23,21290
2019-04-17T19:29:59.000Z,52.891087,2.605868,23,21240
2019-04-17T19:32:21.000Z,52.887067,2.599467,23,21260
2019-04-17T19:37:49.000Z,52.876412,2.582605,23,21240
2019-04-17T20:02:08.000Z,52.828853,2.5108,23,21400
2019-04-17T20:02:38.000Z,52.82786700000001,2.5093330000000003,23,21450
2019-04-17T20:04:09.000Z,52.824853,2.50496,23,21500
2019-04-17T20:04:38.000Z,52.82389300000001,2.503573,23,21470
2019-04-17T20:16:02.000Z,52.80272,2.470027,23,21210
2019-04-17T20:21:28.000Z,52.79288,2.454027,23,21110
2019-04-17T20:25:52.000Z,52.78456,2.440373,23,21100
2019-04-17T20:28:52.000Z,52.779013,2.43128,23,21130
2019-04-17T22:16:26.000Z,52.57718000000001,2.110547,23,21370
2019-04-17T22:32:58.000Z,52.545605,2.0626580000000003,22,21330
2019-04-17T23:02:59.000Z,52.48810200000001,1.975968,22,21380
2019-04-17T23:17:28.000Z,52.46074,1.93405,22,21240
2019-04-17T23:53:09.000Z,52.396265,1.829803,22,21170
2019-04-18T00:11:59.000Z,52.36356,1.775437,22,21160
2019-04-18T00:22:40.000Z,52.346282,1.74397,22,20790
2019-04-18T00:46:38.000Z,52.303838,1.674365,22,21410
2019-04-18T00:54:59.000Z,52.28796,1.6507919999999998,22,21430
2019-04-18T02:10:28.000Z,52.147142,1.43815,22,21240
2019-04-18T03:07:58.000Z,52.042455,1.2741,22,21250
2019-04-18T03:57:37.000Z,51.951052,1.132588,22,21290
2019-04-18T03:58:36.000Z,51.949222,1.129738,22,21320
2019-04-18T04:21:09.000Z,51.907847,1.066697,22,21350
2019-04-18T04:52:09.000Z,51.852887,0.978303,22,21130
2019-04-18T05:25:38.000Z,51.793577,0.8853049999999999,22,21230
2019-04-18T06:04:59.000Z,51.720925,0.771243,23,21240
2019-04-18T06:36:29.000Z,51.661063,0.678493,23,21390
2019-04-18T07:11:19.000Z,51.59615,0.575095,23,21140
2019-04-18T07:32:40.000Z,51.555775,0.511542,23,21340
2019-04-18T08:07:08.000Z,51.49,0.411253,22,21180
2019-04-18T08:11:24.000Z,51.482107,0.398533,22,21150
2019-04-18T08:13:06.000Z,51.479093,0.393547,22,21140
2019-04-18T08:13:46.000Z,51.477867,0.39152,22,21150
2019-04-18T08:14:06.000Z,51.477307,0.390587,22,21170
2019-04-18T08:14:36.000Z,51.476373,0.38904,22,21170
2019-04-18T08:15:06.000Z,51.475493,0.387627,22,21150
2019-04-18T08:25:24.000Z,51.457307,0.357333,22,21050
2019-04-18T08:36:32.000Z,51.437307,0.324507,22,21330
2019-04-18T09:52:29.000Z,51.294893,0.104285,23,21220
2019-04-18T10:26:59.000Z,51.230327,0.00184,23,21290
2019-04-18T11:33:09.000Z,51.100928,-0.200972,24,21340
2019-04-18T12:09:39.000Z,51.031102,-0.310902,22,21230
2019-04-18T12:43:19.000Z,50.969577,-0.407095,22,21340
2019-04-18T13:53:45.000Z,50.84105,-0.608768,22,21240
2019-04-18T15:06:57.000Z,50.709965,-0.815177,22,21190
2019-04-18T15:11:48.000Z,50.700887,-0.828717,22,21380
2019-04-18T15:27:00.000Z,50.673332,-0.8711770000000001,22,21290
2019-04-18T16:54:58.000Z,50.514792,-1.11953,22,21140
2019-04-18T17:19:45.000Z,50.471178,-1.190022,22,21280
2019-04-18T17:52:59.000Z,50.41132,-1.2831549999999998,22,21220
2019-04-18T18:19:40.000Z,50.362453,-1.359787,22,21350
2019-04-18T18:21:00.000Z,50.359973,-1.363653,22,21210
2019-04-18T18:25:20.000Z,50.352027,-1.376213,22,21250
2019-04-18T18:25:30.000Z,50.351733,-1.376693,22,21260
2019-04-18T18:25:39.000Z,50.351467,-1.37712,22,21220
2019-04-18T18:35:21.000Z,50.33328,-1.40528,22,21380
2019-04-18T18:39:48.000Z,50.32488,-1.41816,22,21370
2019-04-18T18:56:33.000Z,50.2944,-1.466133,23,21180
2019-04-18T19:36:45.000Z,50.220827,-1.583265,22,21310
2019-04-18T20:10:46.000Z,50.153253,-1.675733,21,23450
2019-04-18T20:42:20.000Z,50.062788,-1.726893,21,24120
2019-04-18T20:44:32.000Z,50.058462,-1.729195,21,24240
2019-04-18T20:45:30.000Z,50.05569000000001,-1.730627,21,24270
2019-04-18T20:45:40.000Z,50.055212,-1.730878,21,24110
2019-04-18T20:45:48.000Z,50.054833,-1.7310849999999998,21,24060
2019-04-18T20:47:46.000Z,50.04953,-1.734538,21,23580
2019-04-18T20:47:48.000Z,50.049442,-1.734598,21,23560
2019-04-18T22:50:22.000Z,49.71262,-1.957665,22,24070
2019-04-18T23:19:09.000Z,49.629872,-2.002758,22,23970
2019-04-18T23:48:17.000Z,49.545983,-2.049688,22,24430
2019-04-19T00:23:01.000Z,49.445195,-2.100735,20,24370
2019-04-19T00:23:09.000Z,49.444772,-2.100947,21,24330
2019-04-19T00:33:21.000Z,49.41582,-2.115403,20,24470
2019-04-19T01:12:51.000Z,49.302882,-2.169627,21,24330
2019-04-19T02:58:36.000Z,48.994522,-2.320913,21,24020
2019-04-19T04:28:04.000Z,48.744205,-2.473705,21,23900
2019-04-19T04:33:21.000Z,48.729382,-2.482852,21,23800
2019-04-19T05:36:43.000Z,48.550797,-2.589258,22,23830
2019-04-19T05:59:55.000Z,48.485493,-2.6288,21,24000
2019-04-19T06:32:33.000Z,48.39341,-2.682388,21,23960
2019-04-19T07:13:02.000Z,48.276782,-2.7508630000000003,22,24070
2019-04-19T07:45:43.000Z,48.18030200000001,-2.805215,22,24020
2019-04-19T07:46:54.000Z,48.17688,-2.807173,22,23990
2019-04-19T08:21:13.000Z,48.075752,-2.86647,22,23960
2019-04-19T08:21:17.000Z,48.075733,-2.86648,22,23960
2019-04-19T08:21:37.000Z,48.074747,-2.867067,22,23970
2019-04-19T08:24:07.000Z,48.06733300000001,-2.871467,22,23870
2019-04-19T08:36:37.000Z,48.030053,-2.89344,22,24100
2019-04-19T09:28:41.000Z,47.87325300000001,-2.982827,23,24040
2019-04-19T10:30:02.000Z,47.687808,-3.090372,23,24120
2019-04-19T12:26:21.000Z,47.335327,-3.291067,22,24080
2019-04-19T12:30:02.000Z,47.324335,-3.297197,22,24080
2019-04-19T13:32:43.000Z,47.13950300000001,-3.403222,22,24000
2019-04-19T14:03:24.000Z,47.05015,-3.455963,22,23850
2019-04-19T14:31:45.000Z,46.969207,-3.503928,22,24040
2019-04-19T14:32:55.000Z,46.96585200000001,-3.50586,22,24010
2019-04-19T14:34:04.000Z,46.962537,-3.50777,22,23960
2019-04-19T15:29:43.000Z,46.798053,-3.6002620000000003,22,24050
2019-04-19T15:30:43.000Z,46.795108,-3.601945,22,24030
2019-04-19T16:11:05.000Z,46.67684000000001,-3.670185,22,23980
2019-04-19T17:08:46.000Z,46.505837,-3.76866,22,24090
2019-04-19T17:38:30.000Z,46.417355,-3.819005,22,24120
2019-04-19T17:38:41.000Z,46.416857,-3.819280000000001,22,24120
2019-04-19T17:38:50.000Z,46.41641,-3.819532,22,24100
2019-04-19T17:43:52.000Z,46.401973,-3.827627,22,24070
2019-04-19T17:44:13.000Z,46.400933,-3.828213,22,24060
2019-04-19T18:20:03.000Z,46.295213,-3.887762,22,24010
2019-04-19T18:39:22.000Z,46.239363,-3.919998000000001,22,24050
2019-04-19T18:44:43.000Z,46.223815,-3.929307,22,23930
2019-04-19T18:50:54.000Z,46.205925,-3.940012,22,23940
2019-04-19T19:13:33.000Z,46.137632,-3.97484,22,24680
2019-04-19T19:20:31.000Z,46.115737,-3.984282,22,24690
2019-04-19T19:21:51.000Z,46.111515,-3.986098,22,24660
2019-04-19T19:23:51.000Z,46.105213,-3.988833,22,24680
2019-04-19T19:35:23.000Z,46.069413,-4.00536,22,24320
2019-04-19T19:36:14.000Z,46.066827,-4.006693,22,24270
2019-04-19T19:51:04.000Z,46.02152,-4.030347,22,24330
2019-04-19T20:28:58.000Z,45.908453,-4.090053,23,25750
2019-04-19T20:29:35.000Z,45.90624,-4.090507,23,26050
2019-04-19T20:33:14.000Z,45.89352,-4.092107,23,26510
2019-04-19T20:52:01.000Z,45.827147,-4.096053,23,26790
2019-04-19T21:07:20.000Z,45.772668,-4.096982,23,26920
2019-04-19T23:55:01.000Z,45.18923,-4.103468,22,27040
2019-04-20T00:35:23.000Z,45.04921,-4.102192,23,27050
2019-04-20T00:44:43.000Z,45.017007,-4.10222,22,26880
2019-04-20T00:50:04.000Z,44.998293,-4.102445,23,26920
2019-04-20T01:18:23.000Z,44.899452,-4.101942,22,27030
2019-04-20T01:52:55.000Z,44.78082,-4.101547,22,27130
2019-04-20T02:01:34.000Z,44.751357,-4.101125,22,27090
2019-04-20T02:31:24.000Z,44.650997,-4.100307,22,27020
2019-04-20T03:30:33.000Z,44.452957,-4.101965,21,27100
2019-04-20T03:40:55.000Z,44.419562,-4.100758,21,27210
2019-04-20T03:42:24.000Z,44.414762,-4.100615,21,27120
2019-04-20T04:38:52.000Z,44.228317,-4.099805,22,26960
2019-04-20T04:44:02.000Z,44.210922,-4.0999370000000015,22,26930
2019-04-20T05:17:04.000Z,44.101965,-4.100328,22,26990
2019-04-20T05:54:23.000Z,43.978585,-4.101105,22,26980
2019-04-20T06:07:33.000Z,43.934898,-4.101047,22,27010
2019-04-20T06:43:24.000Z,43.820595,-4.103382,19,26950
2019-04-20T07:03:03.000Z,43.76128,-4.103532,20,27090
2019-04-20T07:18:24.000Z,43.713562,-4.103655000000002,20,26940
2019-04-20T07:34:43.000Z,43.662945,-4.103775,20,27090
2019-04-20T08:27:45.000Z,43.50202700000001,-4.10224,19,27080
2019-04-20T08:53:33.000Z,43.425707,-4.101573,20,27080
2019-04-20T09:42:24.000Z,43.27328,-4.103093,20,26940
2019-04-20T09:45:24.000Z,43.263707,-4.1032,21,27020
2019-04-20T10:12:43.000Z,43.178535,-4.102563,20,27120
2019-04-20T10:48:43.000Z,43.068248,-4.100388,20,27240
2019-04-20T11:02:21.000Z,43.0256,-4.099167,21,26940
2019-04-20T11:53:35.000Z,42.861968,-4.0998730000000005,21,26990
2019-04-20T12:30:42.000Z,42.742993,-4.10025,21,27080
2019-04-20T12:31:43.000Z,42.739733,-4.100232,21,27070
2019-04-20T13:03:23.000Z,42.636635,-4.098758,21,27100
2019-04-20T15:20:05.000Z,42.161118,-4.099605,24,27030
2019-04-20T16:07:44.000Z,41.989927,-4.101177,23,26890
2019-04-20T16:13:52.000Z,41.967955,-4.1013,23,27030
2019-04-20T16:43:13.000Z,41.862458,-4.099802,24,27140
2019-04-20T17:16:14.000Z,41.744888,-4.098527,22,27110
2019-04-20T17:21:44.000Z,41.725905,-4.098277,22,26930
2019-04-20T17:54:22.000Z,41.615745,-4.099518,22,26820
2019-04-20T18:17:13.000Z,41.537052,-4.100005,22,27050
2019-04-20T18:26:23.000Z,41.50578,-4.099652,22,27070
2019-04-20T18:28:13.000Z,41.499482,-4.099633,22,27000
2019-04-20T18:50:02.000Z,41.425917,-4.0991849999999985,21,26960
2019-04-20T18:55:32.000Z,41.40808300000001,-4.0991800000000005,21,27030
2019-04-20T19:00:55.000Z,41.39093,-4.099043,21,27110
2019-04-20T19:24:54.000Z,41.313803,-4.098102,21,27090
2019-04-20T19:31:14.000Z,41.293138,-4.098038,21,26900
2019-04-20T19:39:20.000Z,41.266457,-4.0979220000000005,22,26980
2019-04-20T20:06:44.000Z,41.175488,-4.098542,22,26920
2019-04-20T20:19:13.000Z,41.13384,-4.09856,21,27090
2019-04-20T21:25:32.000Z,40.914837,-4.096457,22,27080
2019-04-20T21:59:30.000Z,40.799407,-4.0982080000000005,22,26880
2019-04-20T23:01:39.000Z,40.590998,-4.098185,22,27060
2019-04-20T23:07:20.000Z,40.571682,-4.097962,22,27060
2019-04-20T23:39:19.000Z,40.461863,-4.097282,22,27030
2019-04-21T00:19:39.000Z,40.326912,-4.096558,22,27040
2019-04-21T00:27:50.000Z,40.299705,-4.0963980000000015,21,26960
2019-04-21T00:53:59.000Z,40.212063,-4.096993,22,26940
2019-04-21T00:59:40.000Z,40.192943,-4.0971129999999985,22,27040
2019-04-21T01:31:18.000Z,40.085613,-4.098575,22,26900
2019-04-21T01:38:39.000Z,40.060933,-4.0994730000000015,22,26760
2019-04-21T01:48:28.000Z,40.028112,-4.1009449999999985,22,26740
2019-04-21T01:53:40.000Z,40.010725,-4.101648,22,26850
2019-04-21T02:01:38.000Z,39.983908,-4.102863,22,26800
2019-04-21T02:04:09.000Z,39.97515,-4.103483,23,26510
2019-04-21T02:07:19.000Z,39.963623,-4.1043650000000005,24,26530
2019-04-21T03:08:22.000Z,39.741243,-4.1037230000000005,19,29730
2019-04-21T03:43:44.000Z,39.655928,-4.073328,14,31040
2019-04-21T04:02:20.000Z,39.636373,-4.046453,8,28910
2019-04-21T04:16:12.000Z,39.63029,-4.0445769999999985,1,29550
2019-04-21T04:21:42.000Z,39.629718,-4.044407,0,33700
2019-04-21T04:22:22.000Z,39.629685,-4.044373,0,34470
2019-04-21T04:26:35.000Z,39.62968,-4.044313,0,34360
2019-04-21T04:32:35.000Z,39.629723,-4.0443120000000015,0,34360
2019-04-21T04:35:36.000Z,39.629703000000006,-4.044313,0,34360
2019-04-21T04:44:37.000Z,39.629667,-4.044315,0,34360
2019-04-21T04:47:38.000Z,39.629713,-4.044325,0,34360
2019-04-21T04:53:38.000Z,39.629682,-4.0443,0,34360
2019-04-21T04:59:37.000Z,39.629722,-4.044295,0,34360
2019-04-21T05:05:38.000Z,39.629707,-4.044298,0,34360
2019-04-21T05:11:37.000Z,39.629637,-4.044375,0,34360
2019-04-21T05:17:38.000Z,39.629635,-4.0443370000000005,0,34360
2019-04-21T05:23:38.000Z,39.629662,-4.0443430000000005,0,34360
2019-04-21T05:29:40.000Z,39.629705,-4.044332,0,34360
2019-04-21T05:38:38.000Z,39.629705,-4.044298,0,34360
2019-04-21T05:41:39.000Z,39.629677,-4.044317,0,34360
2019-04-21T05:47:36.000Z,39.629667,-4.044355,0,34360
2019-04-21T05:50:37.000Z,39.62967,-4.044327,0,34360
2019-04-21T05:56:36.000Z,39.629722,-4.0443050000000005,0,34360
2019-04-21T06:02:35.000Z,39.629715,-4.044307,0,34360
2019-04-21T06:05:38.000Z,39.629723,-4.044357,0,34360
2019-04-21T06:11:39.000Z,39.629707,-4.044315,0,34360
2019-04-21T06:20:40.000Z,39.629685,-4.044318,0,34360
2019-04-21T06:26:39.000Z,39.629733,-4.044308,0,34360
2019-04-21T06:32:39.000Z,39.629702,-4.044318,0,34360
2019-04-21T06:44:40.000Z,39.629675,-4.044328,0,34360
2019-04-21T06:50:42.000Z,39.629665,-4.0443370000000005,0,34360
2019-04-21T06:56:41.000Z,39.629667,-4.044315,0,34360
2019-04-21T07:02:43.000Z,39.629735,-4.044275,0,34360
2019-04-21T07:08:43.000Z,39.629683,-4.0443050000000005,0,34360
2019-04-21T07:14:42.000Z,39.629662,-4.04433,0,34360
2019-04-21T07:20:40.000Z,39.62968,-4.044332,0,34360
2019-04-21T07:26:42.000Z,39.629803,-4.044332,0,34360
2019-04-21T07:32:41.000Z,39.629578,-4.04419,0,34360
2019-04-21T07:35:42.000Z,39.629723,-4.0442800000000005,0,34360
2019-04-21T07:44:39.000Z,39.62967,-4.044285,0,34360
2019-04-21T07:50:41.000Z,39.629665,-4.044288,0,34360
2019-04-21T07:56:41.000Z,39.629645,-4.044367,0,34360
2019-04-21T08:02:39.000Z,39.629588,-4.044405,0,34360
2019-04-21T08:08:38.000Z,39.629688,-4.044332,0,34360
2019-04-21T08:14:37.000Z,39.629633,-4.0443620000000005,0,34360
2019-04-21T08:17:38.000Z,39.629668,-4.044358,0,34360
2019-04-21T08:23:38.000Z,39.629687,-4.044335,0,34360
2019-04-21T08:32:37.000Z,39.629657,-4.04435,0,34360
2019-04-21T08:35:38.000Z,39.629638,-4.044402,0,34360
2019-04-21T08:38:39.000Z,39.629652,-4.044338,0,34360
2019-04-21T08:41:40.000Z,39.629643,-4.044375,0,34360
2019-04-21T08:47:38.000Z,39.62968,-4.044322,0,34360
2019-04-21T08:53:37.000Z,39.629677,-4.0443370000000005,0,34360
2019-04-21T08:59:39.000Z,39.629708,-4.044357,0,34360
2019-04-21T09:05:40.000Z,39.629665,-4.044283,0,34360
2019-04-21T09:14:37.000Z,39.629727,-4.044318,0,34360
2019-04-21T09:20:37.000Z,39.629712,-4.044295,0,34360
2019-04-21T09:23:38.000Z,39.629695,-4.044355,0,34360
2019-04-21T09:32:39.000Z,39.629732,-4.044302,0,34360
2019-04-21T09:35:40.000Z,39.629708,-4.04431,0,34360
2019-04-21T09:38:41.000Z,39.629657,-4.04432,0,34360
2019-04-21T09:44:41.000Z,39.6297,-4.044285,0,34360
2019-04-21T09:50:40.000Z,39.629682,-4.044332,0,34360
2019-04-21T09:56:39.000Z,39.629688,-4.0443050000000005,0,34360
2019-04-21T10:02:39.000Z,39.629702,-4.044263,0,34360
2019-04-21T10:08:37.000Z,39.629677,-4.044297,0,34360
2019-04-21T10:11:38.000Z,39.629688,-4.044288,0,34360
2019-04-21T10:17:40.000Z,39.629707,-4.044313,0,34360
2019-04-21T10:23:40.000Z,39.629715,-4.044325,0,34360
2019-04-21T10:29:42.000Z,39.629732,-4.0443,0,34360
2019-04-21T10:38:42.000Z,39.629712,-4.044347,0,34360
2019-04-21T10:41:44.000Z,39.62969,-4.044332,0,34360
2019-04-21T10:47:34.000Z,39.629693,-4.044328,0,34360
2019-04-21T10:50:41.000Z,39.629742,-4.044333,0,34360
2019-04-21T10:59:41.000Z,39.629747,-4.044323,0,34360
2019-04-21T11:05:42.000Z,39.629752,-4.044303,0,34360
2019-04-21T11:11:41.000Z,39.62969,-4.04433,0,34360
2019-04-21T11:14:42.000Z,39.629695,-4.044318,0,34360
2019-04-21T11:20:42.000Z,39.62973,-4.044302,0,34360
2019-04-21T11:26:43.000Z,39.629682,-4.044325,0,34360
2019-04-21T11:32:35.000Z,39.629697,-4.044317,0,34360
2019-04-21T11:38:39.000Z,39.629713,-4.044313,0,34360
2019-04-21T11:41:42.000Z,39.629665,-4.044323,0,34360
2019-04-21T11:47:44.000Z,39.629708,-4.044295,0,34360
2019-04-21T11:53:42.000Z,39.62965300000001,-4.044323,0,34360
2019-04-21T12:02:40.000Z,39.62973,-4.044313,0,34360
2019-04-21T12:05:45.000Z,39.629705,-4.044315,0,34360
2019-04-21T12:11:44.000Z,39.629713,-4.044313,0,34360
2019-04-21T12:20:37.000Z,39.629693,-4.044338,0,34360
2019-04-21T12:29:41.000Z,39.629713,-4.0442800000000005,0,34360
2019-04-21T12:35:40.000Z,39.629745,-4.044303,0,34360
2019-04-21T12:38:43.000Z,39.62978,-4.04431,0,34360
2019-04-21T12:44:41.000Z,39.629682,-4.044325,0,34360
2019-04-21T12:50:42.000Z,39.629775,-4.044307,0,34360
2019-04-21T12:56:43.000Z,39.629702,-4.044292,0,34360
2019-04-21T13:02:43.000Z,39.62967,-4.044315,0,34360
2019-04-21T13:08:42.000Z,39.62974000000001,-4.044317,0,34360
2019-04-21T13:26:45.000Z,39.629718,-4.044313,0,34360
2019-04-21T13:32:46.000Z,39.629713,-4.044308,0,34360
2019-04-21T13:41:43.000Z,39.629715,-4.0443120000000015,0,34360
2019-04-21T13:53:48.000Z,39.629663,-4.044315,0,34360
2019-04-21T13:59:38.000Z,39.629692,-4.044313,0,34360
2019-04-21T14:17:43.000Z,39.629692,-4.044317,0,34360
2019-04-21T14:23:42.000Z,39.629682,-4.04432,0,34360
2019-04-21T14:29:44.000Z,39.629728,-4.044313,0,34360
2019-04-21T14:50:44.000Z,39.629683,-4.044333,0,34360
2019-04-21T14:56:43.000Z,39.629705,-4.044308,0,34360
2019-04-21T15:11:42.000Z,39.629677,-4.044333,0,34360
2019-04-21T15:20:44.000Z,39.629685,-4.044317,0,34360
2019-04-21T15:41:43.000Z,39.62968,-4.044332,0,34360
2019-04-21T15:44:42.000Z,39.629707,-4.044307,0,34360
2019-04-21T16:02:44.000Z,39.629707,-4.044307,0,34360
2019-04-21T16:11:45.000Z,39.629685,-4.044308,0,34360
2019-04-21T16:20:42.000Z,39.629665,-4.04432,0,34360
2019-04-21T16:23:46.000Z,39.629712,-4.044313,0,34360
2019-04-21T16:32:43.000Z,39.62969,-4.044302,0,34360
2019-04-21T16:35:46.000Z,39.629725,-4.044293,0,34360
2019-04-21T16:50:43.000Z,39.629725,-4.044325,0,34360
2019-04-21T16:56:43.000Z,39.62967800000001,-4.044327,0,34360
2019-04-21T17:05:44.000Z,39.62968,-4.04432,0,34360
2019-04-21T17:11:43.000Z,39.62967800000001,-4.04432,0,34360
2019-04-21T17:17:45.000Z,39.629657,-4.044313,0,34360
2019-04-21T17:23:44.000Z,39.629693,-4.044322,0,34360
2019-04-21T17:35:42.000Z,39.62971,-4.04433,0,34360
2019-04-21T17:38:43.000Z,39.62971,-4.04431,0,34360
2019-04-21T17:44:41.000Z,39.62966,-4.0443120000000015,0,34360
2019-04-21T17:50:42.000Z,39.629705,-4.044285,0,34360
2019-04-21T17:59:43.000Z,39.629695,-4.044328,0,34360
2019-04-21T18:05:43.000Z,39.629675,-4.0443050000000005,0,34360
2019-04-21T18:11:45.000Z,39.629692,-4.04431,0,34360
2019-04-21T18:17:44.000Z,39.62967800000001,-4.04431,0,34360
2019-04-21T18:23:45.000Z,39.629702,-4.04431,0,34360
2019-04-21T18:29:44.000Z,39.6297,-4.044315,0,34360
2019-04-21T18:35:43.000Z,39.629688,-4.044303,0,34360
2019-04-21T18:41:46.000Z,39.62973,-4.044307,0,34360
2019-04-21T18:47:46.000Z,39.62968,-4.044327,0,34360
2019-04-21T18:53:45.000Z,39.629695,-4.044317,0,34360
2019-04-21T18:59:45.000Z,39.629707,-4.044323,0,34360
2019-04-21T19:05:46.000Z,39.629728,-4.044307,0,34360
2019-04-21T19:11:44.000Z,39.629742,-4.044318,0,34360
2019-04-21T19:17:45.000Z,39.629677,-4.044338,0,34360
2019-04-21T19:23:46.000Z,39.629737,-4.044277,0,34360
2019-04-21T19:32:40.000Z,39.629733,-4.044308,0,34360
2019-04-21T19:35:41.000Z,39.629698,-4.044333,0,34360
2019-04-21T19:44:42.000Z,39.62969,-4.044295,0,34360
2019-04-21T19:50:40.000Z,39.629685,-4.044292,0,34360
2019-04-21T19:53:41.000Z,39.62967,-4.0443,0,34360
2019-04-21T19:59:41.000Z,39.629687,-4.044295,0,34360
2019-04-21T20:05:42.000Z,39.6297,-4.044297,0,34360
2019-04-21T20:11:42.000Z,39.62973,-4.044333,0,34360
2019-04-21T20:20:40.000Z,39.629708,-4.04431,0,34360
2019-04-21T20:23:41.000Z,39.629735,-4.0443,0,34360
2019-04-21T20:29:40.000Z,39.629718,-4.044313,0,34360
2019-04-21T20:32:42.000Z,39.629697,-4.044323,0,34360
2019-04-21T20:38:42.000Z,39.629727,-4.044298,0,34360
2019-04-21T20:44:41.000Z,39.629735,-4.044282,0,34360
2019-04-21T20:53:42.000Z,39.629742,-4.04429,0,34360
2019-04-21T20:59:43.000Z,39.629768,-4.04433,0,34360
2019-04-21T21:05:42.000Z,39.629702,-4.044277,0,34360
2019-04-21T21:11:43.000Z,39.629738,-4.0443120000000015,0,34360
2019-04-21T21:20:43.000Z,39.629703000000006,-4.044303,0,34360
2019-04-21T21:26:43.000Z,39.629702,-4.0443050000000005,0,34360
2019-04-21T21:32:45.000Z,39.629733,-4.0443,0,34360
2019-04-21T21:38:37.000Z,39.629695,-4.0443120000000015,0,34360
2019-04-21T21:41:42.000Z,39.629725,-4.044322,0,34360
2019-04-21T21:47:40.000Z,39.629708,-4.044322,0,34360
2019-04-21T21:50:41.000Z,39.629723,-4.044307,0,34360
2019-04-21T21:53:42.000Z,39.62973,-4.044307,0,34360
2019-04-21T21:59:42.000Z,39.629718,-4.044308,0,34360
2019-04-21T22:02:43.000Z,39.629685,-4.044303,0,34360
2019-04-21T22:08:46.000Z,39.629715,-4.044307,0,34360
2019-04-21T22:14:45.000Z,39.62972,-4.04432,0,34360
2019-04-21T22:20:46.000Z,39.62973,-4.044295,0,34360
2019-04-21T22:26:47.000Z,39.629697,-4.044327,0,34360
2019-04-21T22:32:37.000Z,39.629683,-4.044322,0,34360
2019-04-21T22:35:43.000Z,39.629773,-4.044293,0,34360
2019-04-21T22:44:44.000Z,39.629828,-4.0441699999999985,0,34360
2019-04-21T22:50:37.000Z,39.629717,-4.044298,0,29760
2019-04-21T22:56:41.000Z,39.629718,-4.044313,0,29760
2019-04-21T23:02:41.000Z,39.629733,-4.044285,0,29760
2019-04-21T23:08:41.000Z,39.629712,-4.044307,0,29760
2019-04-21T23:14:41.000Z,39.62972,-4.044293,0,29760
2019-04-21T23:20:40.000Z,39.629737,-4.044307,0,29760
2019-04-21T23:26:43.000Z,39.629722,-4.04431,0,29760
2019-04-21T23:32:42.000Z,39.629698,-4.0443120000000015,0,29760
2019-04-21T23:38:43.000Z,39.629727,-4.04432,0,29760
2019-04-21T23:44:45.000Z,39.629598,-4.044383,0,29760
2019-04-21T23:50:46.000Z,39.629712,-4.044322,0,29760
2019-04-21T23:59:43.000Z,39.629718,-4.04432,0,29760
2019-04-21T23:59:42.000Z,39.629718,-4.04432,0,29760
2019-04-22T00:02:43.000Z,39.629682,-4.044292,0,29760
2019-04-22T00:08:42.000Z,39.629713,-4.044307,0,29760
2019-04-22T00:11:42.000Z,39.62967800000001,-4.0443419999999985,0,29760
2019-04-22T00:17:42.000Z,39.629727,-4.044253,0,29760
2019-04-22T00:23:42.000Z,39.629657,-4.044387,0,29760
2019-04-22T00:32:42.000Z,39.629722,-4.04436,0,29760
2019-04-22T00:44:42.000Z,39.629702,-4.044308,0,29760
2019-04-22T00:47:43.000Z,39.629697,-4.0443370000000005,0,29760
2019-04-22T00:56:44.000Z,39.629742,-4.044307,0,29760
2019-04-22T01:02:43.000Z,39.629698,-4.044303,0,29760
2019-04-22T01:08:44.000Z,39.62967,-4.044322,0,29760
2019-04-22T01:14:45.000Z,39.629722,-4.044295,0,29760
2019-04-22T01:20:46.000Z,39.629655,-4.0443370000000005,0,29760
2019-04-22T01:26:46.000Z,39.629723,-4.044332,0,29760
2019-04-22T01:32:47.000Z,39.629618,-4.044355,0,29760
2019-04-22T01:38:48.000Z,39.629733,-4.044348,0,29760
2019-04-22T01:44:46.000Z,39.629695,-4.04432,0,29760
2019-04-22T01:50:48.000Z,39.629723,-4.044308,0,29760
2019-04-22T01:56:38.000Z,39.629713,-4.044303,0,29760
2019-04-22T02:02:41.000Z,39.629703000000006,-4.044318,0,29760
2019-04-22T02:05:43.000Z,39.629717,-4.044322,0,29760
2019-04-22T02:11:44.000Z,39.629702,-4.044308,0,29760
2019-04-22T02:17:42.000Z,39.62973,-4.044318,0,29760
2019-04-22T02:29:46.000Z,39.629697,-4.044313,0,29760
2019-04-22T02:35:47.000Z,39.62971,-4.044332,0,29760
2019-04-22T02:44:41.000Z,39.62969,-4.0443050000000005,0,29760
2019-04-22T02:47:47.000Z,39.629683,-4.044315,0,29760
2019-04-22T02:53:46.000Z,39.62973,-4.04432,0,29760
2019-04-22T02:59:45.000Z,39.629688,-4.044322,0,29760
2019-04-22T03:05:46.000Z,39.629733,-4.044308,0,29760
2019-04-22T03:11:47.000Z,39.629663,-4.044323,0,29760
2019-04-22T03:17:46.000Z,39.629702,-4.044317,0,29760
2019-04-22T03:23:48.000Z,39.629688,-4.044308,0,29760
2019-04-22T03:29:48.000Z,39.629655,-4.044332,0,29760
2019-04-22T03:38:46.000Z,39.62967,-4.044328,0,29760
2019-04-22T03:41:47.000Z,39.629687,-4.044322,0,29760
2019-04-22T03:47:46.000Z,39.629682,-4.0443120000000015,0,29760
2019-04-22T03:53:48.000Z,39.629697,-4.04431,0,29760
2019-04-22T04:02:44.000Z,39.62973,-4.0442870000000015,0,29760
2019-04-22T04:08:46.000Z,39.629647,-4.044318,0,29760
2019-04-22T04:14:45.000Z,39.629675,-4.044318,0,29760
2019-04-22T04:20:45.000Z,39.629697,-4.044313,0,29760
2019-04-22T04:29:44.000Z,39.62966,-4.04431,0,29760
2019-04-22T04:32:47.000Z,39.629695,-4.044315,0,29760
2019-04-22T04:38:45.000Z,39.629663,-4.044307,0,29760
2019-04-22T04:44:39.000Z,39.629682,-4.0443430000000005,0,29760
2019-04-22T04:47:44.000Z,39.629687,-4.044335,0,29760
2019-04-22T04:53:45.000Z,39.629668,-4.044313,0,29760
2019-04-22T04:59:47.000Z,39.629663,-4.044307,0,29760
2019-04-22T05:05:45.000Z,39.629693,-4.044297,0,29760
2019-04-22T05:08:46.000Z,39.629643,-4.044322,0,29760
2019-04-22T05:14:47.000Z,39.62972,-4.044242,0,29760
2019-04-22T05:20:48.000Z,39.629665,-4.044293,0,29760
2019-04-22T05:26:48.000Z,39.62966,-4.044323,0,29760
2019-04-22T05:32:48.000Z,39.629708,-4.044347,0,29760
2019-04-22T05:38:49.000Z,39.629748,-4.044317,0,29760
2019-04-22T05:44:49.000Z,39.629683,-4.044348,0,29760
2019-04-22T05:50:39.000Z,39.629705,-4.044297,0,29760
2019-04-22T05:56:44.000Z,39.629707,-4.044333,0,29760
2019-04-22T06:02:45.000Z,39.629677,-4.044325,0,29760
2019-04-22T06:08:43.000Z,39.629675,-4.044262000000002,0,29760
2019-04-22T06:14:45.000Z,39.62971,-4.044315,0,29760
2019-04-22T06:20:46.000Z,39.629682,-4.044328,0,29760
2019-04-22T06:26:47.000Z,39.629707,-4.044318,0,29760
2019-04-22T06:35:44.000Z,39.629668,-4.044318,0,29760
2019-04-22T06:38:47.000Z,39.629703000000006,-4.0443120000000015,0,29760
2019-04-22T06:44:46.000Z,39.629672,-4.044318,0,29760
2019-04-22T06:50:46.000Z,39.629673,-4.044325,0,29760
2019-04-22T06:56:45.000Z,39.629677,-4.044328,0,29760
2019-04-22T07:02:46.000Z,39.629723,-4.044303,0,29760
2019-04-22T07:08:48.000Z,39.629705,-4.044295,0,29760
2019-04-22T07:14:49.000Z,39.629692,-4.044295,0,29760
2019-04-22T07:20:50.000Z,39.62972,-4.044307,0,29760
2019-04-22T07:26:39.000Z,39.629677,-4.044302,0,29760
2019-04-22T07:29:42.000Z,39.629692,-4.0443050000000005,0,29760
2019-04-22T07:32:43.000Z,39.629693,-4.044307,0,29760
2019-04-22T07:38:44.000Z,39.629713,-4.0443,0,29760
2019-04-22T07:44:44.000Z,39.629723,-4.044325,0,29760
2019-04-22T07:50:42.000Z,39.629712,-4.0443370000000005,0,29760
2019-04-22T07:53:43.000Z,39.62969,-4.04431,0,29760
2019-04-22T07:59:45.000Z,39.629727,-4.044327,0,29760
2019-04-22T08:05:44.000Z,39.62961,-4.0444,0,29760
2019-04-22T08:08:45.000Z,39.629673,-4.044355,0,29760
2019-04-22T08:14:45.000Z,39.629667,-4.04433,0,29760
2019-04-22T08:20:46.000Z,39.629578,-4.044365,0,29760
2019-04-22T08:26:45.000Z,39.62965,-4.044358,0,29760
2019-04-22T08:32:45.000Z,39.62962,-4.044363,0,29760
2019-04-22T08:38:46.000Z,39.629527,-4.044455,0,29760
2019-04-22T08:44:45.000Z,39.629607,-4.044313,0,29760
2019-04-22T08:50:45.000Z,39.629688,-4.04434,0,29760
2019-04-22T08:56:45.000Z,39.6297,-4.04433,0,29760
2019-04-22T08:59:46.000Z,39.62969,-4.044328,0,29760
2019-04-22T09:05:45.000Z,39.629647,-4.04436,0,29760
2019-04-22T09:11:45.000Z,39.629687,-4.044315,0,29760
2019-04-22T09:14:47.000Z,39.629682,-4.044322,0,29760
2019-04-22T09:20:40.000Z,39.629695,-4.04431,0,29760
2019-04-22T09:23:44.000Z,39.629692,-4.044333,0,29760
2019-04-22T09:26:45.000Z,39.629707,-4.044288,0,29760
2019-04-22T09:32:46.000Z,39.629703000000006,-4.044292,0,29760
2019-04-22T09:38:45.000Z,39.629715,-4.044315,0,29760
2019-04-22T09:41:47.000Z,39.629692,-4.044323,0,29760
2019-04-22T09:47:47.000Z,39.629735,-4.044288,0,29760
2019-04-22T09:53:40.000Z,39.6297,-4.044258,0,29760
2019-04-22T09:59:43.000Z,39.629745,-4.044253,0,29760
2019-04-22T10:05:45.000Z,39.62967800000001,-4.0443620000000005,0,29760
2019-04-22T10:14:44.000Z,39.629732,-4.044288,0,29760
2019-04-22T10:20:42.000Z,39.629688,-4.044303,0,29760
2019-04-22T10:23:46.000Z,39.629712,-4.044317,0,29760
2019-04-22T10:29:44.000Z,39.629713,-4.044333,0,29760
2019-04-22T10:35:46.000Z,39.629743,-4.044315,0,29760
2019-04-22T10:41:46.000Z,39.629737,-4.044335,0,29760
2019-04-22T10:47:45.000Z,39.62977,-4.044335,0,29760
2019-04-22T10:53:46.000Z,39.629735,-4.044315,0,29760
2019-04-22T10:59:45.000Z,39.62973,-4.04432,0,29760
2019-04-22T11:02:46.000Z,39.629772,-4.044315,0,29760
2019-04-22T11:08:47.000Z,39.629683,-4.044317,0,29760
2019-04-22T11:11:46.000Z,39.629668,-4.044332,0,29760
2019-04-22T11:14:45.000Z,39.629715,-4.04433,0,29760
2019-04-22T11:17:45.000Z,39.62969,-4.044333,0,29760
2019-04-22T11:23:44.000Z,39.629702,-4.044323,0,29760
2019-04-22T11:26:45.000Z,39.629712,-4.044307,0,29760
2019-04-22T11:32:46.000Z,39.629717,-4.04431,0,29760
2019-04-22T11:38:41.000Z,39.62973,-4.0443,0,29760
2019-04-22T11:41:47.000Z,39.629713,-4.04432,0,29760
2019-04-22T11:47:48.000Z,39.629682,-4.0443,0,29760
2019-04-22T11:56:44.000Z,39.629693,-4.0443419999999985,0,29760
2019-04-22T12:02:46.000Z,39.629637,-4.044345,0,29760
2019-04-22T12:08:41.000Z,39.62971,-4.04433,0,29760
2019-04-22T12:14:45.000Z,39.629657,-4.044293,0,27590
2019-04-22T12:20:45.000Z,39.62972,-4.044282,0,29760
2019-04-22T12:26:44.000Z,39.629768,-4.044298,0,29760
2019-04-22T12:29:45.000Z,39.629715,-4.044315,0,29760
2019-04-22T12:38:47.000Z,39.629655,-4.04431,0,29760
2019-04-22T12:44:47.000Z,39.629705,-4.0443,0,29760
2019-04-22T12:50:46.000Z,39.629708,-4.044288,0,29760
2019-04-22T12:53:47.000Z,39.629698,-4.044307,0,29760
2019-04-22T12:59:47.000Z,39.62974000000001,-4.044295,0,29760
2019-04-22T13:05:50.000Z,39.629728,-4.044288,0,29760
2019-04-22T13:11:49.000Z,39.62974000000001,-4.04431,0,29760
2019-04-22T13:17:49.000Z,39.629753,-4.044258,0,29760
2019-04-22T13:23:50.000Z,39.629762,-4.044282,0,29760
2019-04-22T13:29:51.000Z,39.629735,-4.044292,0,29760
2019-04-22T13:35:49.000Z,39.629765,-4.044282,0,29760
2019-04-22T13:41:51.000Z,39.629692,-4.044282,0,29760
2019-04-22T13:47:41.000Z,39.629722,-4.0443,0,29760
2019-04-22T13:50:45.000Z,39.629703000000006,-4.044315,0,29760
2019-04-22T13:56:45.000Z,39.629775,-4.044298,0,29760
2019-04-22T14:02:44.000Z,39.629737,-4.044303,0,29760
2019-04-22T14:05:45.000Z,39.629735,-4.044288,0,29760
2019-04-22T14:11:44.000Z,39.629757,-4.044302,0,29760
2019-04-22T14:14:45.000Z,39.629693,-4.0443120000000015,0,29760
2019-04-22T14:17:47.000Z,39.62974000000001,-4.044292,0,29760
2019-04-22T14:23:46.000Z,39.629712,-4.0443419999999985,0,29760
2019-04-22T14:32:47.000Z,39.629727,-4.044307,0,29760
2019-04-22T14:38:46.000Z,39.629723,-4.0443,0,29760
2019-04-22T14:44:44.000Z,39.629743,-4.044297,0,29760
2019-04-22T14:47:49.000Z,39.62975,-4.044297,0,29760
2019-04-22T14:53:48.000Z,39.62972,-4.044315,0,29760
2019-04-22T14:59:49.000Z,39.629727,-4.044318,0,29760
2019-04-22T15:05:50.000Z,39.629638,-4.044313,0,29760
2019-04-22T15:11:42.000Z,39.629747,-4.044308,0,29760
2019-04-22T15:14:43.000Z,39.629692,-4.0443120000000015,0,29760
2019-04-22T15:20:46.000Z,39.62973,-4.044318,0,29760
2019-04-22T15:23:47.000Z,39.629693,-4.04434,0,29760
2019-04-22T15:26:47.000Z,39.629748,-4.04433,0,29760
2019-04-22T15:32:47.000Z,39.629733,-4.044322,0,29760
2019-04-22T15:38:47.000Z,39.629698,-4.04438,0,29760
2019-04-22T15:44:46.000Z,39.629703000000006,-4.044318,0,29760
2019-04-22T15:50:48.000Z,39.629667,-4.044325,0,29760
2019-04-22T15:59:50.000Z,39.629738,-4.044298,0,29760
2019-04-22T16:05:50.000Z,39.629698,-4.044302,0,29760
2019-04-22T16:11:49.000Z,39.629675,-4.044315,0,29760
2019-04-22T16:20:50.000Z,39.629722,-4.044298,0,29760
2019-04-22T16:26:50.000Z,39.629732,-4.044295,0,29760
2019-04-22T16:32:48.000Z,39.629682,-4.044322,0,29760
2019-04-22T16:38:46.000Z,39.629692,-4.044307,0,29760
2019-04-22T16:44:46.000Z,39.629715,-4.044303,0,29760
2019-04-22T16:47:48.000Z,39.629737,-4.044295,0,29760
2019-04-22T16:56:46.000Z,39.6297,-4.0443120000000015,0,29760
2019-04-22T17:02:49.000Z,39.62969,-4.0443050000000005,0,29760
2019-04-22T17:11:47.000Z,39.629705,-4.044335,0,29760
2019-04-22T17:17:50.000Z,39.629672,-4.044308,0,29760
2019-04-22T17:26:52.000Z,39.629747,-4.044302,0,29760
2019-04-22T17:32:54.000Z,39.629705,-4.044323,0,29760
2019-04-22T17:35:49.000Z,39.629692,-4.044282,0,29760
2019-04-22T17:38:42.000Z,39.629688,-4.04429,0,29760
2019-04-22T17:41:47.000Z,39.62971,-4.044295,0,29760
2019-04-22T17:47:47.000Z,39.629715,-4.044297,0,29760
2019-04-22T17:56:47.000Z,39.629665,-4.044315,0,29760
2019-04-22T18:02:45.000Z,39.629673,-4.04433,0,29760
2019-04-22T18:05:47.000Z,39.629687,-4.0443120000000015,0,29760
2019-04-22T18:11:49.000Z,39.629715,-4.0443050000000005,0,29760
2019-04-22T18:17:50.000Z,39.629688,-4.0443120000000015,0,29760
2019-04-22T18:23:51.000Z,39.629693,-4.044328,0,29760
2019-04-22T18:32:47.000Z,39.62972,-4.044307,0,29760
2019-04-22T18:38:49.000Z,39.629723,-4.0443120000000015,0,29760
2019-04-22T18:44:49.000Z,39.629703000000006,-4.044307,0,29760
2019-04-22T18:53:47.000Z,39.62974000000001,-4.044313,0,29760
2019-04-22T18:59:49.000Z,39.629705,-4.044278,0,29760
2019-04-22T19:05:49.000Z,39.6297,-4.044298,0,29760
2019-04-22T19:08:50.000Z,39.629735,-4.0443,0,29760
2019-04-22T19:11:52.000Z,39.629685,-4.044295,0,29760
2019-04-22T19:17:52.000Z,39.629725,-4.044292,0,29760
2019-04-22T19:23:43.000Z,39.629717,-4.044325,0,29760
2019-04-22T19:26:47.000Z,39.62967,-4.04429,0,29760
2019-04-22T19:32:48.000Z,39.629658,-4.044297,0,29760
2019-04-22T19:41:49.000Z,39.629682,-4.04431,0,29760
2019-04-22T19:47:51.000Z,39.629648,-4.0443120000000015,0,29760
2019-04-22T19:53:50.000Z,39.629758,-4.044278,0,29760
2019-04-22T20:02:45.000Z,39.629723,-4.044318,0,29760
2019-04-22T20:05:51.000Z,39.62973,-4.044313,0,29760
2019-04-22T20:17:52.000Z,39.6297,-4.044307,0,29760
2019-04-22T20:23:53.000Z,39.629745,-4.044302,0,29760
2019-04-22T20:32:45.000Z,39.629728,-4.044303,0,29760
2019-04-22T20:35:49.000Z,39.62973,-4.044302,0,29760
2019-04-22T20:44:46.000Z,39.629693,-4.04429,0,29760
2019-04-22T20:47:49.000Z,39.629737,-4.04433,0,29760
2019-04-22T20:53:51.000Z,39.629715,-4.044292,0,29760
2019-04-22T20:59:49.000Z,39.6297,-4.044295,0,29760
2019-04-22T21:05:50.000Z,39.62972,-4.044317,0,29760
2019-04-22T21:11:49.000Z,39.629707,-4.044355,0,29760
2019-04-22T21:20:51.000Z,39.629727,-4.04431,0,29760
2019-04-22T21:26:53.000Z,39.629703000000006,-4.044333,0,29760
2019-04-22T21:32:52.000Z,39.629752,-4.044322,0,29760
2019-04-22T21:38:52.000Z,39.62972,-4.044297,0,29760
2019-04-22T21:44:51.000Z,39.629708,-4.0443120000000015,0,29760
2019-04-22T21:50:51.000Z,39.629728,-4.044323,0,29760
2019-04-22T21:56:50.000Z,39.629712,-4.044313,0,29760
2019-04-22T21:59:51.000Z,39.629733,-4.044298,0,29760
2019-04-22T22:05:50.000Z,39.629713,-4.044295,0,29760
2019-04-22T22:08:51.000Z,39.629728,-4.044322,0,29760
2019-04-22T22:14:50.000Z,39.629742,-4.0443120000000015,0,29760
2019-04-22T22:20:50.000Z,39.629715,-4.04431,0,29760
2019-04-22T22:29:49.000Z,39.629715,-4.044293,0,29760
2019-04-22T22:32:50.000Z,39.629708,-4.044323,0,29760
2019-04-22T22:35:51.000Z,39.629738,-4.044295,0,29760
2019-04-22T22:41:53.000Z,39.62975,-4.0443,0,29760
2019-04-22T22:47:52.000Z,39.629737,-4.044297,0,29760
2019-04-22T22:53:55.000Z,39.629682,-4.044313,0,29760
2019-04-22T22:59:51.000Z,39.629738,-4.044302,0,29760
2019-04-22T23:08:51.000Z,39.629755,-4.044317,0,29760
2019-04-22T23:14:49.000Z,39.629718,-4.0443120000000015,0,29760
2019-04-22T23:17:50.000Z,39.629737,-4.0443120000000015,0,29760
2019-04-22T23:23:51.000Z,39.629695,-4.044303,0,29760
2019-04-22T23:26:50.000Z,39.629668,-4.0443,0,29760
2019-04-22T23:29:51.000Z,39.629728,-4.04431,0,29760
2019-04-22T23:38:49.000Z,39.629735,-4.0442800000000005,0,29760
2019-04-22T23:41:53.000Z,39.62965300000001,-4.044333,0,29760
2019-04-22T23:47:51.000Z,39.6297,-4.044265,0,29760
2019-04-22T23:53:51.000Z,39.629723,-4.0443,0,29760
2019-04-22T23:59:50.000Z,39.62977,-4.044277,0,29760
2019-04-23T00:05:49.000Z,39.629742,-4.0442870000000015,0,29760
2019-04-23T00:11:50.000Z,39.629768,-4.0442800000000005,0,29760
2019-04-23T00:14:51.000Z,39.629758,-4.044265,0,29760
2019-04-23T00:20:48.000Z,39.629757,-4.044295,0,29760
2019-04-23T00:23:49.000Z,39.629652,-4.0443120000000015,0,29760
2019-04-23T00:29:48.000Z,39.629702,-4.044325,0,29760
2019-04-23T00:35:49.000Z,39.62974000000001,-4.044307,0,29760
2019-04-23T00:44:49.000Z,39.629722,-4.044275,0,29760
2019-04-23T00:47:50.000Z,39.6297,-4.0442550000000015,0,29760
2019-04-23T00:50:51.000Z,39.629758,-4.044308,0,29760
2019-04-23T00:56:44.000Z,39.62965,-4.044322,0,29760
2019-04-23T00:59:48.000Z,39.629775,-4.044295,0,29760
2019-04-23T01:05:50.000Z,39.629697,-4.044313,0,29760
2019-04-23T01:11:48.000Z,39.629735,-4.044293,0,29760
2019-04-23T01:14:49.000Z,39.629707,-4.044268,0,29760
2019-04-23T01:20:48.000Z,39.629723,-4.044315,0,29760
2019-04-23T01:23:50.000Z,39.629718,-4.044308,0,29760
2019-04-23T01:29:49.000Z,39.629708,-4.044292,0,29760
2019-04-23T01:35:47.000Z,39.629782,-4.044315,0,29760
2019-04-23T01:44:50.000Z,39.629735,-4.04432,0,29760
2019-04-23T01:50:48.000Z,39.62975,-4.044292,0,29760
2019-04-23T01:53:50.000Z,39.629753,-4.04429,0,29760
2019-04-23T02:02:52.000Z,39.62967800000001,-4.044293,0,29760
2019-04-23T02:08:51.000Z,39.629698,-4.044303,0,29760
2019-04-23T02:14:53.000Z,39.629728,-4.044307,0,29760
2019-04-23T02:20:44.000Z,39.629712,-4.0443,0,29760
2019-04-23T02:23:51.000Z,39.62973,-4.044285,0,29760
2019-04-23T02:29:50.000Z,39.629742,-4.044297,0,29760
2019-04-23T02:35:50.000Z,39.629707,-4.0442800000000005,0,29760
2019-04-23T02:41:51.000Z,39.62972,-4.0442870000000015,0,29760
2019-04-23T02:47:50.000Z,39.629695,-4.044313,0,29760
2019-04-23T02:53:52.000Z,39.629705,-4.0443,0,29760
2019-04-23T03:02:49.000Z,39.629683,-4.044323,0,29760
2019-04-23T03:05:52.000Z,39.629658,-4.044335,0,29760
2019-04-23T03:11:52.000Z,39.629692,-4.044298,0,29760
2019-04-23T03:20:52.000Z,39.629677,-4.044313,0,29760
2019-04-23T03:23:53.000Z,39.629665,-4.04431,0,29760
2019-04-23T03:29:53.000Z,39.629695,-4.044315,0,29760
2019-04-23T03:35:51.000Z,39.629718,-4.044308,0,29760
2019-04-23T03:41:49.000Z,39.629685,-4.04431,0,29760
2019-04-23T03:47:50.000Z,39.629693,-4.044302,0,29760
2019-04-23T03:53:50.000Z,39.629642,-4.04433,0,29760
2019-04-23T03:59:51.000Z,39.629688,-4.044335,0,29760
2019-04-23T04:08:53.000Z,39.629713,-4.044298,0,29760
2019-04-23T04:14:54.000Z,39.629725,-4.0443,0,29760
2019-04-23T04:20:53.000Z,39.629765,-4.044303,0,29760
2019-04-23T04:26:52.000Z,39.629617,-4.044357,0,29760
2019-04-23T04:32:54.000Z,39.62967800000001,-4.044327,0,29760
2019-04-23T04:44:53.000Z,39.629667,-4.0443370000000005,0,35380
2019-04-23T04:50:51.000Z,39.629645,-4.044352,0,35380
2019-04-23T04:56:49.000Z,39.629683,-4.044292,0,35380
2019-04-23T05:02:50.000Z,39.629695,-4.044302,0,35380
2019-04-23T05:08:50.000Z,39.629698,-4.044328,0,35380
2019-04-23T05:14:48.000Z,39.62974000000001,-4.044322,0,35380
2019-04-23T05:20:50.000Z,39.629738,-4.044317,0,35380
2019-04-23T05:23:51.000Z,39.629693,-4.04431,0,35380
2019-04-23T05:29:53.000Z,39.62967800000001,-4.0443050000000005,0,35380
2019-04-23T05:35:53.000Z,39.629722,-4.044313,0,35380
2019-04-23T05:41:54.000Z,39.629712,-4.04435,0,35380
2019-04-23T05:47:55.000Z,39.62965,-4.044328,0,35380
2019-04-23T05:56:53.000Z,39.629712,-4.044318,0,35380
2019-04-23T06:05:48.000Z,39.629705,-4.044338,0,35380
2019-04-23T06:11:48.000Z,39.629655,-4.044307,0,35380
2019-04-23T06:14:56.000Z,39.629677,-4.044323,0,35380
2019-04-23T06:20:46.000Z,39.629742,-4.044303,0,35380
2019-04-23T06:23:47.000Z,39.629727,-4.044317,0,35380
2019-04-23T06:26:51.000Z,39.629688,-4.044332,0,35380
2019-04-23T06:35:50.000Z,39.629735,-4.0442730000000005,0,35380
2019-04-23T06:44:52.000Z,39.62974000000001,-4.0443120000000015,0,35380
2019-04-23T06:50:51.000Z,39.629708,-4.044302,0,35380
2019-04-23T06:56:53.000Z,39.62968,-4.04429,0,35380
2019-04-23T07:02:54.000Z,39.629703000000006,-4.044293,0,35380
2019-04-23T07:08:55.000Z,39.629588,-4.044318,0,35380
2019-04-23T07:17:49.000Z,39.62969,-4.044315,0,35380
2019-04-23T07:23:49.000Z,39.629622,-4.0443370000000005,0,35380
2019-04-23T07:32:51.000Z,39.629735,-4.044293,0,35380
2019-04-23T07:38:51.000Z,39.629728,-4.044285,0,35380
2019-04-23T07:47:50.000Z,39.629652,-4.044328,0,35380
2019-04-23T07:50:51.000Z,39.629718,-4.04431,0,35380
2019-04-23T07:56:50.000Z,39.629687,-4.044345,0,35380
2019-04-23T08:02:49.000Z,39.629688,-4.044315,0,35380
2019-04-23T08:05:51.000Z,39.629675,-4.044353,0,35380
2019-04-23T08:11:49.000Z,39.629703000000006,-4.044328,0,35380
2019-04-23T08:20:48.000Z,39.629627,-4.044375,0,35380
2019-04-23T08:23:51.000Z,39.629707,-4.044322,0,35380
2019-04-23T08:29:52.000Z,39.62965,-4.0443430000000005,0,35380
2019-04-23T08:35:54.000Z,39.629665,-4.044347,0,35380
2019-04-23T08:44:50.000Z,39.629698,-4.04434,0,35380
2019-04-23T08:47:52.000Z,39.629702,-4.044322,0,35380
2019-04-23T08:53:53.000Z,39.629692,-4.044328,0,35380
2019-04-23T08:59:54.000Z,39.629632,-4.044318,0,35380
2019-04-23T09:05:54.000Z,39.629702,-4.044327,0,31040
2019-04-23T09:11:53.000Z,39.62969,-4.044338,0,31040
2019-04-23T09:17:51.000Z,39.62969,-4.044328,0,31040
2019-04-23T09:23:53.000Z,39.629743,-4.044338,0,31040
2019-04-23T09:29:54.000Z,39.629718,-4.04429,0,31040
2019-04-23T09:35:53.000Z,39.629715,-4.044268,0,31040
2019-04-23T09:41:46.000Z,39.629723,-4.044257,0,31040
2019-04-23T09:44:52.000Z,39.629713,-4.044307,0,31040
2019-04-23T09:53:54.000Z,39.629735,-4.04427,0,31040
2019-04-23T09:59:55.000Z,39.629705,-4.044327,0,31040
2019-04-23T10:08:54.000Z,39.629722,-4.044313,0,31040
2019-04-23T10:14:54.000Z,39.629692,-4.0443419999999985,0,31040
2019-04-23T10:20:56.000Z,39.629712,-4.044313,0,31040
2019-04-23T10:23:57.000Z,39.62969,-4.044347,0,31040
2019-04-23T10:29:47.000Z,39.629712,-4.04434,0,31040
2019-04-23T10:38:51.000Z,39.629657,-4.04432,0,31040
2019-04-23T10:47:53.000Z,39.629727,-4.04434,0,31040
2019-04-23T10:53:53.000Z,39.62972,-4.0443430000000005,0,31040
2019-04-23T10:59:54.000Z,39.62972,-4.044318,0,31040
2019-04-23T11:08:55.000Z,39.629663,-4.044327,0,31040
2019-04-23T11:14:55.000Z,39.629705,-4.044313,0,31040
2019-04-23T11:20:55.000Z,39.6297,-4.044325,0,31040
2019-04-23T11:23:54.000Z,39.629712,-4.044292,0,31040
2019-04-23T11:26:53.000Z,39.629735,-4.044308,0,31040
2019-04-23T11:32:55.000Z,39.62968,-4.04433,0,31040
2019-04-23T11:38:55.000Z,39.629705,-4.044298,0,31040
2019-04-23T11:41:56.000Z,39.629707,-4.044302,0,31040
2019-04-23T11:47:53.000Z,39.62967800000001,-4.044325,0,31040
2019-04-23T11:50:55.000Z,39.629738,-4.044302,0,31040
2019-04-23T11:56:57.000Z,39.629742,-4.044298,0,31040
2019-04-23T12:02:56.000Z,39.629738,-4.044303,0,31040
2019-04-23T12:08:56.000Z,39.629715,-4.044302,0,31040
2019-04-23T12:14:55.000Z,39.629748,-4.044307,0,31040
2019-04-23T12:20:56.000Z,39.629722,-4.044292,0,31040
2019-04-23T12:26:57.000Z,39.629745,-4.044303,0,31040
2019-04-23T12:32:57.000Z,39.629748,-4.04427,0,31040
2019-04-23T12:41:55.000Z,39.629762,-4.0442550000000015,0,31040
2019-04-23T12:47:56.000Z,39.629792,-4.044307,0,31040
2019-04-23T12:53:59.000Z,39.62984,-4.0443,0,31040
2019-04-23T12:59:56.000Z,39.629615,-4.044327,0,31040
2019-04-23T13:05:56.000Z,39.629728,-4.044277,0,31040
2019-04-23T13:11:57.000Z,39.629695,-4.0442800000000005,0,31040
2019-04-23T13:20:57.000Z,39.629748,-4.044288,0,31040
2019-04-23T13:26:57.000Z,39.62965300000001,-4.044277,0,31040
2019-04-23T13:32:58.000Z,39.629693,-4.044335,0,31040
2019-04-23T13:41:55.000Z,39.629718,-4.044293,0,31040
2019-04-23T13:47:53.000Z,39.629732,-4.0443,0,31040
2019-04-23T13:50:49.000Z,39.629687,-4.044295,0,31040
2019-04-23T14:20:52.000Z,39.629773,-4.044338,0,31040
2019-04-23T14:24:01.000Z,39.629765,-4.044315,0,31040
2019-04-23T14:29:57.000Z,39.629723,-4.04432,0,31040
2019-04-23T14:47:57.000Z,39.629765,-4.044292,0,31040
2019-04-23T14:53:56.000Z,39.629693,-4.044352,0,31040
2019-04-23T14:56:59.000Z,39.629702,-4.044315,0,31040
2019-04-23T15:08:56.000Z,39.629753,-4.044315,0,31040
2019-04-23T15:11:57.000Z,39.629648,-4.044318,0,31040
2019-04-23T15:20:56.000Z,39.629722,-4.04432,0,31040
2019-04-23T15:26:54.000Z,39.629695,-4.044318,0,31040
2019-04-23T15:36:00.000Z,39.629665,-4.044317,0,31040
2019-04-23T15:45:00.000Z,39.629717,-4.044395,0,31040
2019-04-23T15:50:49.000Z,39.629758,-4.0442730000000005,0,31040
2019-04-23T15:59:52.000Z,39.62967800000001,-4.044323,0,31040
2019-04-23T16:05:55.000Z,39.629738,-4.04429,0,31040
2019-04-23T16:11:57.000Z,39.629728,-4.0443120000000015,0,31040
2019-04-23T16:23:54.000Z,39.629788,-4.044297,0,31040
2019-04-23T16:29:54.000Z,39.629735,-4.0443120000000015,0,31040
2019-04-23T16:32:57.000Z,39.629732,-4.04431,0,31040
2019-04-23T16:41:52.000Z,39.629693,-4.04433,0,33280
2019-04-23T16:44:55.000Z,39.629708,-4.044297,0,33280
2019-04-23T16:50:54.000Z,39.629717,-4.04433,0,33280
2019-04-23T16:53:55.000Z,39.62976,-4.044292,0,33280
2019-04-23T16:59:55.000Z,39.629738,-4.044313,0,33280
2019-04-23T17:02:56.000Z,39.629715,-4.044308,0,33280
2019-04-23T17:08:49.000Z,39.62969,-4.044325,0,33280
2019-04-23T17:14:53.000Z,39.629707,-4.0443120000000015,0,33280
2019-04-23T17:17:55.000Z,39.629713,-4.044293,0,33280
2019-04-23T17:23:57.000Z,39.62972,-4.044317,0,33280
2019-04-23T17:29:58.000Z,39.629708,-4.0443120000000015,0,33280
2019-04-23T17:35:57.000Z,39.629705,-4.044307,0,33280
2019-04-23T17:41:56.000Z,39.629707,-4.044313,0,33280
2019-04-23T17:47:58.000Z,39.629725,-4.044277,0,33280
2019-04-23T17:53:57.000Z,39.629712,-4.044315,0,33280
2019-04-23T17:59:57.000Z,39.6297,-4.044292,0,33280
2019-04-23T18:05:56.000Z,39.629638,-4.044338,0,33280
2019-04-23T18:11:56.000Z,39.629697,-4.044292,0,33280
2019-04-23T18:17:57.000Z,39.629705,-4.044307,0,33280
2019-04-23T18:23:58.000Z,39.629692,-4.04429,0,33280
2019-04-23T18:29:56.000Z,39.629703000000006,-4.044325,0,33280
2019-04-23T18:35:54.000Z,39.629727,-4.04429,0,33280
2019-04-23T18:41:53.000Z,39.629675,-4.044307,0,33280
2019-04-23T18:47:55.000Z,39.629705,-4.044302,0,33280
2019-04-23T18:53:54.000Z,39.629725,-4.044292,0,33280
2019-04-23T18:59:53.000Z,39.629715,-4.044302,0,33280
2019-04-23T19:02:55.000Z,39.6297,-4.044308,0,33280
2019-04-23T19:08:54.000Z,39.629682,-4.044288,0,33280
2019-04-23T19:14:53.000Z,39.62972,-4.0443,0,33280
2019-04-23T19:17:55.000Z,39.62977,-4.044285,0,33280
2019-04-23T19:23:58.000Z,39.629668,-4.044313,0,33280
2019-04-23T19:32:55.000Z,39.629692,-4.044302,0,33280
2019-04-23T19:38:57.000Z,39.629657,-4.044315,0,33280
2019-04-23T19:44:56.000Z,39.629672,-4.044307,0,33280
2019-04-23T19:50:55.000Z,39.62974000000001,-4.044298,0,33280
2019-04-23T19:59:51.000Z,39.629708,-4.04433,0,33280
2019-04-23T20:02:55.000Z,39.629647,-4.0443370000000005,0,33280
2019-04-23T20:08:56.000Z,39.62972,-4.044325,0,33280
2019-04-23T20:14:56.000Z,39.629712,-4.0443120000000015,0,33280
2019-04-23T20:20:57.000Z,39.629695,-4.044325,0,33280
2019-04-23T20:32:54.000Z,39.629708,-4.044318,0,33280
2019-04-23T20:35:57.000Z,39.6297,-4.0443,0,33280
2019-04-23T20:41:58.000Z,39.62973,-4.044327,0,33280
2019-04-23T20:47:59.000Z,39.62971,-4.044325,0,33280
2019-04-23T20:53:58.000Z,39.629728,-4.044307,0,33280
2019-04-23T20:59:56.000Z,39.62967800000001,-4.044313,0,33280
2019-04-23T21:05:56.000Z,39.62972,-4.044308,0,33280
2019-04-23T21:17:55.000Z,39.629708,-4.044288,0,33280
2019-04-23T21:23:56.000Z,39.629713,-4.044297,0,33280
2019-04-23T21:29:54.000Z,39.629723,-4.044317,0,33280
2019-04-23T21:32:55.000Z,39.629735,-4.044322,0,33280
2019-04-23T21:35:56.000Z,39.629727,-4.0443120000000015,0,33280
2019-04-23T21:41:58.000Z,39.629718,-4.044307,0,33280
2019-04-23T21:50:53.000Z,39.6297,-4.044327,0,33280
2019-04-23T21:53:58.000Z,39.62969,-4.044253,0,33280
2019-04-23T21:59:59.000Z,39.62971,-4.044298,0,33280
2019-04-23T22:05:58.000Z,39.629728,-4.04431,0,33280
2019-04-23T22:11:59.000Z,39.62979,-4.044283,0,33280
2019-04-23T22:20:57.000Z,39.629692,-4.044315,0,33280
2019-04-23T22:26:58.000Z,39.629705,-4.044303,0,33280
2019-04-23T22:32:57.000Z,39.629737,-4.044293,0,33280
2019-04-23T22:32:58.000Z,39.629737,-4.044293,0,33280
2019-04-23T22:38:57.000Z,39.629725,-4.044307,0,33280
2019-04-23T22:44:58.000Z,39.629717,-4.044288,0,33280
2019-04-23T22:50:58.000Z,39.62971,-4.044308,0,33280
2019-04-23T22:56:59.000Z,39.629778,-4.044293,0,33280
2019-04-23T23:03:00.000Z,39.629765,-4.0443,0,33280
2019-04-23T23:08:59.000Z,39.62971,-4.04431,0,33280
2019-04-23T23:14:58.000Z,39.629693,-4.044308,0,33280
2019-04-23T23:20:59.000Z,39.629723,-4.044338,0,33280
2019-04-23T23:27:00.000Z,39.629718,-4.044292,0,33280
2019-04-23T23:33:00.000Z,39.629753,-4.044292,0,33280
2019-04-23T23:38:58.000Z,39.629725,-4.044293,0,33280
2019-04-23T23:41:59.000Z,39.629718,-4.044268,0,33280
2019-04-23T23:47:59.000Z,39.629775,-4.044295,0,33280
2019-04-23T23:53:52.000Z,39.629735,-4.0443120000000015,0,33280
2019-04-23T23:59:52.000Z,39.629737,-4.04429,0,33280
2019-04-24T00:02:53.000Z,39.629753,-4.044318,0,33280
2019-04-24T00:08:54.000Z,39.629763,-4.04426,0,33280
2019-04-24T00:14:52.000Z,39.629738,-4.044318,0,33280
2019-04-24T00:17:56.000Z,39.62973,-4.044277,0,33280
2019-04-24T00:23:54.000Z,39.629747,-4.044325,0,33280
2019-04-24T00:26:55.000Z,39.629732,-4.044292,0,33280
2019-04-24T00:29:56.000Z,39.629742,-4.044303,0,33280
2019-04-24T00:35:54.000Z,39.629685,-4.044303,0,33280
2019-04-24T00:38:55.000Z,39.629695,-4.044307,0,33280
2019-04-24T00:44:55.000Z,39.629697,-4.0442480000000005,0,33280
2019-04-24T00:50:56.000Z,39.629723,-4.044318,0,33280
2019-04-24T00:56:55.000Z,39.62969,-4.044275,0,33280
2019-04-24T00:59:57.000Z,39.62972,-4.0442870000000015,0,33280
2019-04-24T01:06:00.000Z,39.629697,-4.044283,0,33280
2019-04-24T01:11:58.000Z,39.629725,-4.044288,0,33280
