timestamp,longitude,latitude,speed,direction
2020-04-26T16:00:15.000Z,115.1211,22.202883,34,7800
2020-04-26T16:00:45.000Z,115.123833,22.20335,34,7900
2020-04-26T16:01:11.000Z,115.126033,22.203733,34,7800
2020-04-26T16:01:40.000Z,115.12885,22.2043,34,7700
2020-04-26T16:02:05.000Z,115.13105,22.204717,34,7800
2020-04-26T16:02:28.000Z,115.13315,22.2051,34,7800
2020-04-26T16:02:56.000Z,115.13535,22.2055,34,7900
2020-04-26T16:03:28.000Z,115.138633,22.206083,34,7900
2020-04-26T16:03:53.000Z,115.140867,22.20645,34,7900
2020-04-26T16:04:28.000Z,115.144167,22.20705,34,7800
2020-04-26T16:04:52.000Z,115.14645,22.207483,34,7800
2020-04-26T16:05:47.000Z,115.151467,22.20845,34,7800
2020-04-26T16:06:11.000Z,115.15355,22.208817,34,7900
2020-04-26T16:06:41.000Z,115.1563,22.2093,34,7900
2020-04-26T16:07:03.000Z,115.1585,22.209717,34,7800
2020-04-26T16:07:27.000Z,115.160717,22.210117,34,7800
2020-04-26T16:07:53.000Z,115.163017,22.21055,34,7800
2020-04-26T16:08:29.000Z,115.166233,22.21115,34,7800
2020-04-26T16:09:06.000Z,115.1689,22.21165,34,7800
2020-04-26T16:09:52.000Z,115.17395,22.212567,34,7900
2020-04-26T16:10:15.000Z,115.17615,22.212967000000006,34,7800
2020-04-26T16:10:47.000Z,115.1789,22.213483,34,7800
2020-04-26T16:11:21.000Z,115.182083,22.214083,34,7800
2020-04-26T16:12:04.000Z,115.186017,22.214867,34,7800
2020-04-26T16:12:28.000Z,115.1883,22.2153,34,7800
2020-04-26T16:12:51.000Z,115.1904,22.2157,34,7800
2020-04-26T16:13:22.000Z,115.19305,22.2162,34,7800
2020-04-26T16:13:46.000Z,115.19525,22.216633,34,7800
2020-04-26T16:14:22.000Z,115.198533,22.217233,34,7800
2020-04-26T16:14:46.000Z,115.200833,22.217633,34,7900
2020-04-26T16:15:10.000Z,115.203017,22.218017,34,7900
2020-04-26T16:15:40.000Z,115.205767,22.218533,34,7700
2020-04-26T16:16:10.000Z,115.208467,22.219133,34,7600
2020-04-26T16:16:34.000Z,115.21055,22.219633,34,7500
2020-04-26T16:17:10.000Z,115.213867,22.220467000000006,34,7400
2020-04-26T16:17:34.000Z,115.216033,22.221,34,7400
2020-04-26T16:18:05.000Z,115.218733,22.221683,34,7500
2020-04-26T16:18:29.000Z,115.220917,22.222217,34,7500
2020-04-26T16:19:16.000Z,115.22575,22.223433,34,7500
2020-04-26T16:19:40.000Z,115.22745,22.22385,34,7500
2020-04-26T16:20:04.000Z,115.229567,22.224367,34,7500
2020-04-26T16:20:34.000Z,115.232283,22.225017,34,7500
2020-04-26T16:20:59.000Z,115.23445,22.225533,34,7500
2020-04-26T16:21:22.000Z,115.2365,22.22605,34,7500
2020-04-26T16:21:46.000Z,115.238767,22.226617,34,7500
2020-04-26T16:22:10.000Z,115.240917,22.227133,34,7500
2020-04-26T16:22:34.000Z,115.243083,22.22765,34,7500
2020-04-26T16:22:59.000Z,115.24535,22.2282,34,7500
2020-04-26T16:23:22.000Z,115.247417,22.2287,34,7500
2020-04-26T16:23:46.000Z,115.249583,22.229217,34,7500
2020-04-26T16:24:10.000Z,115.25175,22.22975,34,7500
2020-04-26T16:24:34.000Z,115.253917,22.23025,34,7500
2020-04-26T16:25:09.000Z,115.257167,22.231033,34,7500
2020-04-26T16:25:34.000Z,115.259333,22.23155,34,7500
2020-04-26T16:26:03.000Z,115.262033,22.2322,34,7500
2020-04-26T16:26:29.000Z,115.2642,22.232717,34,7500
2020-04-26T16:26:59.000Z,115.267,22.233383,34,7500
2020-04-26T16:27:22.000Z,115.269067,22.233883,34,7500
2020-04-26T16:27:46.000Z,115.271233,22.234433,34,7400
2020-04-26T16:28:10.000Z,115.2734,22.234983,34,7400
2020-04-26T16:28:34.000Z,115.275567,22.235517,34,7400
2020-04-26T16:28:59.000Z,115.277733,22.236067,34,7400
2020-04-26T16:29:29.000Z,115.280533,22.236767,34,7500
2020-04-26T16:29:52.000Z,115.282617,22.237283,34,7500
2020-04-26T16:30:16.000Z,115.284883,22.237833,34,7500
2020-04-26T16:30:39.000Z,115.286967,22.238367,34,7500
2020-04-26T16:31:04.000Z,115.28915,22.2389,34,7400
2020-04-26T16:31:33.000Z,115.2918,22.23955,34,7500
2020-04-26T16:32:04.000Z,115.294667,22.24015,35,7700
2020-04-26T16:32:28.000Z,115.296983,22.2406,35,7800
2020-04-26T16:32:51.000Z,115.299133,22.241,35,7800
2020-04-26T16:33:34.000Z,115.3038,22.24185,35,7800
2020-04-26T16:34:04.000Z,115.3061,22.242283,34,7900
2020-04-26T16:34:58.000Z,115.310767,22.2431,34,7900
2020-04-26T16:35:34.000Z,115.314117,22.243683,34,7900
2020-04-26T16:35:58.000Z,115.316333,22.244083,34,7900
2020-04-26T16:36:29.000Z,115.3191,22.244583,34,7800
2020-04-26T16:36:52.000Z,115.321317,22.244983,34,7800
2020-04-26T16:37:17.000Z,115.323617,22.2454,34,7800
2020-04-26T16:37:58.000Z,115.327383,22.246083,34,7800
2020-04-26T16:38:29.000Z,115.330133,22.246583,34,7800
2020-04-26T16:38:52.000Z,115.33225,22.246983,34,7800
2020-04-26T16:39:29.000Z,115.33565,22.247617,34,7800
2020-04-26T16:39:52.000Z,115.337767,22.248017,34,7800
2020-04-26T16:40:28.000Z,115.34125,22.248683,34,7800
2020-04-26T16:40:52.000Z,115.343417,22.249083,34,7800
2020-04-26T16:41:47.000Z,115.349217,22.25015,34,7800
2020-04-26T16:42:10.000Z,115.35125,22.250517,34,7800
2020-04-26T16:42:33.000Z,115.352783,22.2508,34,7800
2020-04-26T16:42:58.000Z,115.354933,22.2512,34,7800
2020-04-26T16:43:22.000Z,115.35715,22.251617,34,7800
2020-04-26T16:43:46.000Z,115.35935,22.252033,34,7800
2020-04-26T16:44:10.000Z,115.361567,22.252433,34,7800
2020-04-26T16:44:35.000Z,115.363867,22.252883,34,7800
2020-04-26T16:44:59.000Z,115.365983,22.253283,34,7800
2020-04-26T16:45:59.000Z,115.371767,22.25435,34,7900
2020-04-26T16:46:22.000Z,115.3737,22.254683,34,7900
2020-04-26T16:46:52.000Z,115.376417,22.255167,34,7900
2020-04-26T16:47:16.000Z,115.3787,22.255567000000006,34,7900
2020-04-26T16:47:40.000Z,115.3809,22.255967,34,7900
2020-04-26T16:48:05.000Z,115.383,22.256333,34,7900
2020-04-26T16:48:29.000Z,115.3852,22.25675,34,7900
2020-04-26T16:48:59.000Z,115.387967,22.257233,34,7800
2020-04-26T16:49:29.000Z,115.3907,22.257733,34,7800
2020-04-26T16:49:53.000Z,115.392967,22.25815,34,7900
2020-04-26T16:50:16.000Z,115.395067,22.258533,34,7900
2020-04-26T16:50:41.000Z,115.397333,22.258933,34,7900
2020-04-26T16:51:53.000Z,115.404717,22.260267,34,7900
2020-04-26T16:52:28.000Z,115.407167,22.260667,34,7900
2020-04-26T16:53:10.000Z,115.411083,22.2613,34,7900
2020-04-26T16:53:40.000Z,115.413683,22.261817,34,7900
2020-04-26T16:54:04.000Z,115.415867,22.262217,34,7900
2020-04-26T16:54:28.000Z,115.418067,22.2626,34,7900
2020-04-26T16:54:52.000Z,115.42025,22.263,34,7900
2020-04-26T16:55:17.000Z,115.422533,22.2634,34,7900
2020-04-26T16:55:58.000Z,115.426267,22.26405,34,7900
2020-04-26T16:56:28.000Z,115.429017,22.264533,34,7900
2020-04-26T16:56:52.000Z,115.431117,22.2649,34,7900
2020-04-26T16:57:22.000Z,115.43395,22.265417000000006,34,7900
2020-04-26T16:57:59.000Z,115.437317,22.266033,34,7900
2020-04-26T16:58:22.000Z,115.4394,22.266417,34,7900
2020-04-26T16:58:47.000Z,115.441583,22.2668,34,7900
2020-04-26T16:59:11.000Z,115.4438,22.267217,34,7900
2020-04-26T16:59:34.000Z,115.445983,22.267583,34,7900
2020-04-26T16:59:58.000Z,115.448283,22.267983,34,7900
2020-04-26T17:00:22.000Z,115.450383,22.26835,34,7900
2020-04-26T17:00:46.000Z,115.452733,22.268667,34,7900
2020-04-26T17:01:27.000Z,115.456817,22.269567,34,7900
2020-04-26T17:02:04.000Z,115.459633,22.27,34,7900
2020-04-26T17:02:29.000Z,115.462017,22.270367,34,7900
2020-04-26T17:03:10.000Z,115.465733,22.2711,34,7800
2020-04-26T17:03:40.000Z,115.468433,22.271617000000006,34,7800
2020-04-26T17:04:16.000Z,115.472367,22.272367000000006,34,7900
2020-04-26T17:04:41.000Z,115.473967,22.272617,34,7900
2020-04-26T17:05:16.000Z,115.477233,22.2732,34,7900
2020-04-26T17:05:40.000Z,115.47945,22.2736,34,7900
2020-04-26T17:06:16.000Z,115.482617,22.274167,34,7900
2020-04-26T17:06:40.000Z,115.484783,22.274567,34,7800
2020-04-26T17:08:03.000Z,115.492233,22.27605,34,7800
2020-04-26T17:08:45.000Z,115.4964,22.276717,34,7800
2020-04-26T17:09:09.000Z,115.49845,22.2771,34,7800
2020-04-26T17:09:35.000Z,115.500617,22.2775,34,7800
2020-04-26T17:09:57.000Z,115.502817,22.277867,34,7800
2020-04-26T17:10:28.000Z,115.5056,22.278383,34,7800
2020-04-26T17:10:51.000Z,115.507683,22.278767,34,7800
2020-04-26T17:11:27.000Z,115.51095,22.279367,34,7800
2020-04-26T17:11:52.000Z,115.51305,22.279783,34,7800
2020-04-26T17:12:34.000Z,115.517483,22.280533,34,7900
2020-04-26T17:13:22.000Z,115.52215,22.281483,34,7900
2020-04-26T17:13:45.000Z,115.52355,22.281683,34,7900
2020-04-26T17:14:15.000Z,115.5261,22.282233,34,7800
2020-04-26T17:14:39.000Z,115.5283,22.282533,34,7900
2020-04-26T17:15:11.000Z,115.5315,22.283183,34,7800
2020-04-26T17:15:39.000Z,115.533767,22.2836,34,7800
2020-04-26T17:16:10.000Z,115.536567,22.284117,34,7900
2020-04-26T17:16:39.000Z,115.539117,22.284583,34,7900
2020-04-26T17:17:04.000Z,115.541383,22.285,34,7900
2020-04-26T17:17:27.000Z,115.5435,22.285383,34,7900
2020-04-26T17:17:53.000Z,115.545867,22.285817,34,7800
2020-04-26T17:18:16.000Z,115.54795,22.2862,34,7900
2020-04-26T17:18:47.000Z,115.551183,22.286717000000003,34,7900
2020-04-26T17:19:16.000Z,115.554333,22.287417,34,7800
2020-04-26T17:19:52.000Z,115.55765,22.288033,34,7800
2020-04-26T17:20:16.000Z,115.55995,22.28825,34,7900
2020-04-26T17:20:40.000Z,115.562017,22.288817,34,7900
2020-04-26T17:21:10.000Z,115.564733,22.28935,34,7900
2020-04-26T17:21:34.000Z,115.566917,22.28975,34,7800
2020-04-26T17:21:59.000Z,115.56935,22.29025,34,7800
2020-04-26T17:22:28.000Z,115.57165,22.29065,34,7900
2020-04-26T17:22:59.000Z,115.57465,22.291133,34,7900
2020-04-26T17:23:22.000Z,115.57675,22.291517,34,7800
2020-04-26T17:23:46.000Z,115.57895,22.29185,34,8000
2020-04-26T17:24:15.000Z,115.581717,22.292233,34,8100
2020-04-26T17:24:40.000Z,115.58315,22.29235,34,8200
2020-04-26T17:25:16.000Z,115.586567,22.292783,34,8300
2020-04-26T17:25:53.000Z,115.589683,22.293083,34,8300
2020-04-26T17:26:16.000Z,115.591767,22.2933,34,8300
2020-04-26T17:26:53.000Z,115.595083,22.293617,34,8300
2020-04-26T17:27:16.000Z,115.597367,22.2939,33,8300
2020-04-26T17:27:40.000Z,115.5995,22.294133,33,8200
2020-04-26T17:28:10.000Z,115.6023,22.294517000000006,33,8200
2020-04-26T17:28:40.000Z,115.605067,22.2948,33,8200
2020-04-26T17:29:10.000Z,115.60785,22.295217,33,8200
2020-04-26T17:29:34.000Z,115.6101,22.2954,33,8300
2020-04-26T17:30:04.000Z,115.61255,22.295683,33,8200
2020-04-26T17:30:46.000Z,115.616667,22.296283,33,8200
2020-04-26T17:31:46.000Z,115.622817,22.297067,33,8100
2020-04-26T17:32:16.000Z,115.624267,22.297267,33,8200
2020-04-26T17:33:46.000Z,115.63395,22.298617,34,8100
2020-04-26T17:34:50.000Z,115.640117,22.299333,34,8200
2020-04-26T17:35:16.000Z,115.641183,22.299383,34,8200
2020-04-26T17:35:46.000Z,115.643917,22.299683,34,8200
2020-04-26T17:36:22.000Z,115.64725,22.300083,34,8200
2020-04-26T17:36:58.000Z,115.650733,22.300633,34,8200
2020-04-26T17:39:28.000Z,115.66315,22.302083,34,8200
2020-04-26T17:45:28.000Z,115.697083,22.308016,33,7700
2020-04-26T17:47:17.000Z,115.706733,22.3102,34,7600
2020-04-26T17:50:47.000Z,115.725667,22.3144,34,7600
2020-04-26T17:51:10.000Z,115.727983,22.315033,34,7600
2020-04-26T17:51:40.000Z,115.730467,22.315483,34,7600
2020-04-26T17:52:04.000Z,115.732517,22.315933,34,7600
2020-04-26T17:52:58.000Z,115.737383,22.317017,34,7700
2020-04-26T17:53:52.000Z,115.742983,22.318383,34,7600
2020-04-26T17:54:16.000Z,115.7453,22.3189,34,7600
2020-04-26T17:54:58.000Z,115.749133,22.31975,34,7600
2020-04-26T17:55:27.000Z,115.7519,22.320333,34,7600
2020-04-26T17:55:58.000Z,115.754567,22.320933,34,7600
2020-04-26T17:56:22.000Z,115.756717,22.3214,34,7600
2020-04-26T17:56:46.000Z,115.758133,22.3217,34,7600
2020-04-26T17:57:35.000Z,115.76235,22.322533,34,7700
2020-04-26T18:00:14.000Z,115.7758,22.3254,34,7700
2020-04-26T18:06:04.000Z,115.808567,22.332333,34,7700
2020-04-26T18:10:48.000Z,115.833333,22.3374,34,7700
2020-04-26T18:14:04.000Z,115.852017,22.341217,34,7800
2020-04-26T18:15:32.000Z,115.8592,22.342617,34,7800
2020-04-26T18:18:28.000Z,115.87625,22.346083,34,7800
2020-04-26T18:20:04.000Z,115.885683,22.34815,34,7700
2020-04-26T18:20:28.000Z,115.887917,22.348617,34,7700
2020-04-26T18:24:16.000Z,115.9083,22.3528,34,7700
2020-04-26T18:25:34.000Z,115.915983,22.354383,34,7700
2020-04-26T18:26:04.000Z,115.917933,22.354717,34,7700
2020-04-26T18:26:34.000Z,115.920383,22.355217,34,7700
2020-04-26T18:27:34.000Z,115.926067,22.356383,34,7700
2020-04-26T18:28:11.000Z,115.929333,22.357067,34,7700
2020-04-26T18:28:41.000Z,115.932167,22.35765,34,7700
2020-04-26T18:29:04.000Z,115.934283,22.358083,34,7700
2020-04-26T18:29:41.000Z,115.937583,22.358767,34,7700
2020-04-26T18:30:04.000Z,115.939833,22.359167000000006,34,7700
2020-04-26T18:30:34.000Z,115.9426,22.359733,34,7700
2020-04-26T18:32:04.000Z,115.951717,22.361717,34,7700
2020-04-26T18:32:34.000Z,115.954417,22.362367000000006,34,7500
2020-04-26T18:32:58.000Z,115.956533,22.363033,34,7300
2020-04-26T18:34:52.000Z,115.965567,22.366083,34,6900
2020-04-26T18:35:17.000Z,115.96765,22.366833,34,6800
2020-04-26T18:36:16.000Z,115.972967,22.368733,34,6800
2020-04-26T18:36:52.000Z,115.976617,22.37,34,6800
2020-04-26T18:39:17.000Z,115.988183,22.37415,34,6800
2020-04-26T18:42:52.000Z,116.008267,22.381383,34,6900
2020-04-26T18:43:28.000Z,116.010767,22.38225,34,6900
2020-04-26T18:43:52.000Z,116.01275,22.382967,34,6900
2020-04-26T18:44:22.000Z,116.015367,22.383883,34,6900
2020-04-26T18:45:53.000Z,116.023217,22.38665,34,6900
2020-04-26T18:47:05.000Z,116.029567,22.388917000000006,34,6900
2020-04-26T18:48:05.000Z,116.034617,22.390867,34,6500
2020-04-26T18:57:28.000Z,116.081316,22.4144,33,5800
2020-04-26T18:58:57.000Z,116.089317,22.41905,34,5800
2020-04-26T19:02:21.000Z,116.104267,22.426267000000006,34,6500
2020-04-26T19:03:37.000Z,116.1098,22.428517000000006,34,6600
2020-04-26T19:07:46.000Z,116.132283,22.436633,33,6900
2020-04-26T19:14:31.000Z,116.1667,22.449,34,6800
2020-04-26T19:15:15.000Z,116.171283,22.45065,34,6800
2020-04-26T19:15:51.000Z,116.1744,22.451783,34,6800
2020-04-26T19:16:34.000Z,116.177983,22.4531,34,6800
2020-04-26T19:17:39.000Z,116.1846,22.45555,34,6800
2020-04-26T19:18:10.000Z,116.187183,22.45645,34,6800
2020-04-26T19:18:34.000Z,116.18925,22.457167,34,6800
2020-04-26T19:19:04.000Z,116.191917,22.45815,34,6800
2020-04-26T19:19:28.000Z,116.194,22.458917,34,6800
2020-04-26T19:19:51.000Z,116.195967,22.459633,34,6800
2020-04-26T19:20:40.000Z,116.200117,22.46115,34,6800
2020-04-26T19:28:57.000Z,116.241366,22.478233,33,6400
2020-04-26T19:29:37.000Z,116.243683,22.4793,34,6400
2020-04-26T19:32:10.000Z,116.257283,22.485233,34,6400
2020-04-26T19:38:40.000Z,116.291383,22.497016,33,7000
2020-04-26T19:42:28.000Z,116.3114,22.50375,34,6800
2020-04-26T19:43:28.000Z,116.3159,22.505433,34,6700
2020-04-26T19:43:52.000Z,116.3178,22.50615,34,6800
2020-04-26T19:44:17.000Z,116.32,22.507,34,6800
2020-04-26T19:45:04.000Z,116.32315,22.50815,34,6700
2020-04-26T19:49:16.000Z,116.345416,22.518683,33,6100
2020-04-26T19:59:30.000Z,116.394566,22.543816,33,6100
2020-04-26T20:00:56.000Z,116.402633,22.5479,33,6100
2020-04-26T20:03:04.000Z,116.4119,22.552617,34,6100
2020-04-26T20:03:29.000Z,116.4139,22.553517000000006,34,6300
2020-04-26T20:05:16.000Z,116.4221,22.556933,34,6600
2020-04-26T20:05:53.000Z,116.425133,22.558167,34,6600
2020-04-26T20:07:58.000Z,116.434717,22.562083,33,6600
2020-04-26T20:09:58.000Z,116.446583,22.56715,33,6500
2020-04-26T20:13:28.000Z,116.465317,22.57195,34,7500
2020-04-26T20:14:22.000Z,116.4696,22.572933,34,7500
2020-04-26T20:15:16.000Z,116.473917,22.57385,33,7500
2020-04-26T20:15:37.000Z,116.474967,22.574083,33,7500
2020-04-26T20:17:33.000Z,116.48705,22.577,33,7500
2020-04-26T20:18:52.000Z,116.493167,22.57835,33,7600
2020-04-26T20:19:45.000Z,116.497783,22.5795,33,7500
2020-04-26T20:20:33.000Z,116.503,22.58075,33,7500
2020-04-26T20:22:45.000Z,116.514683,22.583483,33,7500
2020-04-26T20:24:40.000Z,116.523967,22.585567,33,7500
2020-04-26T20:25:41.000Z,116.52995,22.58705,33,7500
2020-04-26T20:30:11.000Z,116.553833,22.592716,33,7500
2020-04-26T20:30:43.000Z,116.555967,22.5932,33,7500
2020-04-26T20:31:41.000Z,116.5616,22.59495,33,7100
2020-04-26T20:32:04.000Z,116.56365,22.595583,33,7100
2020-04-26T20:32:34.000Z,116.5662,22.59655,32,6800
2020-04-26T20:33:33.000Z,116.570183,22.598133,33,6600
2020-04-26T20:34:26.000Z,116.575583,22.600383,33,6600
2020-04-26T20:35:10.000Z,116.578133,22.60145,33,6600
2020-04-26T20:35:53.000Z,116.5815,22.60285,33,6500
2020-04-26T20:36:52.000Z,116.586783,22.605083,33,6600
2020-04-26T20:37:46.000Z,116.590767,22.60695,32,6100
2020-04-26T20:38:44.000Z,116.594967,22.609133,32,6100
2020-04-26T20:40:40.000Z,116.604983,22.6144,33,6100
2020-04-26T20:41:34.000Z,116.608,22.615883,33,6100
2020-04-26T20:42:04.000Z,116.61095,22.617383,33,6100
2020-04-26T20:42:41.000Z,116.614533,22.619283,33,6100
2020-04-26T20:43:04.000Z,116.616417,22.620233,33,6100
2020-04-26T20:43:45.000Z,116.61905,22.62155,33,6100
2020-04-26T20:44:46.000Z,116.623633,22.623867,33,6100
2020-04-26T20:45:28.000Z,116.627017,22.6256,33,6100
2020-04-26T20:45:53.000Z,116.629017,22.626567,33,6300
2020-04-26T20:46:28.000Z,116.6319,22.62775,33,6800
2020-04-26T20:47:04.000Z,116.634933,22.62865,33,7300
2020-04-26T20:47:34.000Z,116.63755,22.629283,33,7500
2020-04-26T20:48:04.000Z,116.640183,22.629883,33,7600
2020-04-26T20:49:40.000Z,116.6485,22.631767,33,7600
2020-04-26T20:50:05.000Z,116.650783,22.632267,33,7600
2020-04-26T20:51:40.000Z,116.65975,22.634283,33,7600
2020-04-26T20:52:40.000Z,116.664617,22.6354,33,7600
2020-04-26T20:53:16.000Z,116.668267,22.63615,33,7600
2020-04-26T20:53:40.000Z,116.670033,22.636633,33,7600
2020-04-26T20:54:16.000Z,116.672833,22.637433,32,7300
2020-04-26T20:55:16.000Z,116.677867,22.639317,32,6700
2020-04-26T20:55:40.000Z,116.67965,22.64005,32,6600
2020-04-26T20:57:17.000Z,116.687467,22.643217,32,6600
2020-04-26T21:01:28.000Z,116.708917,22.651917,32,6600
2020-04-26T21:01:59.000Z,116.7113,22.652883,31,6600
2020-04-26T21:07:52.000Z,116.738317,22.667417,32,5100
2020-04-26T21:08:39.000Z,116.740783,22.6694,32,5100
2020-04-26T21:09:15.000Z,116.743733,22.671583,32,5100
2020-04-26T21:11:03.000Z,116.75065,22.676767,32,5100
2020-04-26T21:11:27.000Z,116.7523,22.677983,32,5100
2020-04-26T21:12:16.000Z,116.7562,22.68095,32,5100
2020-04-26T21:12:51.000Z,116.758683,22.682817,32,5100
2020-04-26T21:14:04.000Z,116.7637,22.686533,32,5100
2020-04-26T21:14:51.000Z,116.766833,22.688917,32,5000
2020-04-26T21:15:51.000Z,116.771217,22.6919,32,5400
2020-04-26T21:16:15.000Z,116.772967,22.693017,32,5500
2020-04-26T21:16:51.000Z,116.7756,22.69465,32,5600
2020-04-26T21:17:27.000Z,116.777817,22.696017,32,5600
2020-04-26T21:19:04.000Z,116.785467,22.700733,32,5600
2020-04-26T21:20:27.000Z,116.79075,22.704133,32,5200
2020-04-26T21:21:27.000Z,116.79455,22.707367,31,4700
2020-04-26T21:21:50.000Z,116.79605,22.708767,32,4600
2020-04-26T21:22:28.000Z,116.798833,22.711367000000006,32,4600
2020-04-26T21:22:51.000Z,116.8003,22.712667,32,4600
2020-04-26T21:23:39.000Z,116.803183,22.7151,32,4600
2020-04-26T21:24:27.000Z,116.806433,22.71815,32,4600
2020-04-26T21:25:16.000Z,116.80945,22.72085,32,4500
2020-04-26T21:26:04.000Z,116.811717,22.722867,32,4600
2020-04-26T21:27:03.000Z,116.8163,22.72695,32,4600
2020-04-26T21:27:40.000Z,116.81855,22.728967,32,4600
2020-04-26T21:29:56.000Z,116.82745,22.736767,32,4700
2020-04-26T21:30:41.000Z,116.82865,22.737717,32,4900
2020-04-26T21:32:16.000Z,116.83655,22.74375,32,5100
2020-04-26T21:33:32.000Z,116.842217,22.747817,32,5100
2020-04-26T21:34:08.000Z,116.8451,22.7501,32,5100
2020-04-26T21:35:03.000Z,116.847917,22.7522,32,5100
2020-04-26T21:35:56.000Z,116.852167,22.7553,32,5100
2020-04-26T21:39:21.000Z,116.867083,22.7649,32,5600
2020-04-26T21:40:33.000Z,116.871583,22.767533,32,5600
2020-04-26T21:41:40.000Z,116.875333,22.769967,32,5600
2020-04-26T21:44:32.000Z,116.888983,22.77825,32,5600
2020-04-26T21:46:08.000Z,116.896383,22.78295,31,5600
2020-04-26T21:46:51.000Z,116.8981,22.783883,31,5600
2020-04-26T21:48:53.000Z,116.907483,22.789667,31,5600
2020-04-26T21:51:03.000Z,116.916417,22.79525,31,5600
2020-04-26T21:51:29.000Z,116.9181,22.796183,31,5600
2020-04-26T21:51:53.000Z,116.91985,22.797217,31,5600
2020-04-26T21:52:16.000Z,116.921483,22.798233,31,5600
2020-04-26T21:52:40.000Z,116.923,22.79925,31,5600
2020-04-26T21:53:16.000Z,116.926333,22.801267000000006,31,5600
2020-04-26T21:53:41.000Z,116.928167,22.802367,31,5600
2020-04-26T21:54:40.000Z,116.931933,22.80465,31,5600
2020-04-26T21:55:40.000Z,116.937217,22.80775,31,5800
2020-04-26T21:56:11.000Z,116.939217,22.808817,31,6100
2020-04-26T21:56:41.000Z,116.9414,22.809883,31,6100
2020-04-26T21:57:22.000Z,116.944617,22.81145,31,6200
2020-04-26T21:57:47.000Z,116.94645,22.812333,31,6200
2020-04-26T21:58:11.000Z,116.948267,22.813233,31,6100
2020-04-26T21:59:22.000Z,116.95375,22.815967,31,6200
2020-04-26T21:59:52.000Z,116.95605,22.8171,31,6200
2020-04-26T22:00:16.000Z,116.9582,22.818133,31,6100
2020-04-26T22:00:39.000Z,116.959767,22.8189,31,6100
2020-04-26T22:01:29.000Z,116.96325,22.82065,31,6100
2020-04-26T22:02:10.000Z,116.965883,22.821983,31,6100
2020-04-26T22:02:33.000Z,116.967567,22.822817,31,6200
2020-04-26T22:03:10.000Z,116.970383,22.8242,31,6200
2020-04-26T22:03:58.000Z,116.9748,22.826367,31,6200
2020-04-26T22:04:27.000Z,116.977083,22.82745,31,6200
2020-04-26T22:04:52.000Z,116.978917,22.82835,31,6200
2020-04-26T22:05:15.000Z,116.98065,22.829217,31,6200
2020-04-26T22:05:39.000Z,116.982567,22.83015,31,6200
2020-04-26T22:06:15.000Z,116.985317,22.831467,31,6200
2020-04-26T22:06:39.000Z,116.986683,22.832117,31,6200
2020-04-26T22:07:21.000Z,116.989667,22.833583,31,6200
2020-04-26T22:07:51.000Z,116.9919,22.834717,31,6200
2020-04-26T22:08:21.000Z,116.994083,22.835817,31,6100
2020-04-26T22:09:22.000Z,116.998367,22.838033,31,5900
2020-04-26T22:10:04.000Z,117.002417,22.840267,31,5900
2020-04-26T22:10:51.000Z,117.005167,22.841833,31,5900
2020-04-26T22:11:57.000Z,117.010083,22.84455,31,5900
2020-04-26T22:13:03.000Z,117.0156,22.8477,31,5900
2020-04-26T22:13:52.000Z,117.01935,22.849633,31,5900
2020-04-26T22:14:34.000Z,117.02245,22.851333,31,5900
2020-04-26T22:16:01.000Z,117.028217,22.8545,31,5900
2020-04-26T22:21:52.000Z,117.0549,22.869033,31,5900
2020-04-26T22:24:08.000Z,117.06595,22.87505,31,5900
2020-04-26T22:25:05.000Z,117.068583,22.876466,31,5900
2020-04-26T22:30:33.000Z,117.09375,22.890183,31,5900
2020-04-26T22:31:33.000Z,117.098883,22.893017,31,5900
2020-04-26T22:32:33.000Z,117.10275,22.895117000000006,31,5900
2020-04-26T22:32:57.000Z,117.104417,22.896033,31,5900
2020-04-26T22:33:21.000Z,117.106167,22.897,31,5900
2020-04-26T22:34:33.000Z,117.11225,22.900383,31,5900
2020-04-26T22:36:20.000Z,117.120183,22.904783,31,5800
2020-04-26T22:45:09.000Z,117.158383,22.925917,31,5900
2020-04-26T22:45:32.000Z,117.160483,22.927117000000006,31,5800
2020-04-26T22:45:56.000Z,117.16255,22.928283,31,5800
2020-04-26T22:46:21.000Z,117.1645,22.929367000000006,31,5900
2020-04-26T22:47:22.000Z,117.1671,22.930783,31,5900
2020-04-26T22:47:55.000Z,117.169767,22.932267,31,5900
2020-04-26T22:49:21.000Z,117.17785,22.936717,31,5800
2020-04-26T22:50:19.000Z,117.182117,22.939133,31,5800
2020-04-26T22:50:57.000Z,117.184833,22.94065,31,5800
2020-04-26T22:52:08.000Z,117.19015,22.943583,31,5800
2020-04-26T22:55:40.000Z,117.204616,22.951733,31,5800
2020-04-26T22:59:52.000Z,117.223167,22.96225,31,5800
2020-04-26T23:00:52.000Z,117.227467,22.964717,31,5700
2020-04-26T23:02:53.000Z,117.235383,22.969267,31,5800
2020-04-26T23:07:27.000Z,117.2563,22.98125,31,5800
2020-04-26T23:12:03.000Z,117.275867,22.992433,31,5800
2020-04-26T23:12:39.000Z,117.278983,22.9941,31,5900
2020-04-26T23:13:52.000Z,117.284383,22.996867,31,6100
2020-04-26T23:15:15.000Z,117.290733,23.000083,31,6100
2020-04-26T23:16:16.000Z,117.295283,23.00235,31,6100
2020-04-26T23:18:39.000Z,117.3061,23.007817000000006,31,6100
2020-04-26T23:20:15.000Z,117.313433,23.011517,31,6100
2020-04-26T23:22:43.000Z,117.324017,23.01685,31,6100
2020-04-26T23:25:03.000Z,117.335367,23.0226,31,6100
2020-04-26T23:25:51.000Z,117.339017,23.02445,31,6100
2020-04-26T23:28:58.000Z,117.3531,23.0316,31,6100
2020-04-26T23:32:28.000Z,117.36925,23.039767,31,6000
2020-04-26T23:33:14.000Z,117.373667,23.042167000000006,31,5900
2020-04-26T23:34:52.000Z,117.38,23.045633,31,5900
2020-04-26T23:35:15.000Z,117.381717,23.046567,31,5900
2020-04-26T23:37:27.000Z,117.39155,23.052017000000006,31,5900
2020-04-26T23:37:52.000Z,117.3934,23.05305,31,5900
2020-04-26T23:38:15.000Z,117.395133,23.053967,31,5900
2020-04-26T23:38:52.000Z,117.397817,23.055467,31,5900
2020-04-26T23:39:52.000Z,117.40235,23.05805,31,5900
2020-04-26T23:40:15.000Z,117.404033,23.059017,31,5800
2020-04-26T23:40:52.000Z,117.406733,23.060617,31,5700
2020-04-26T23:41:16.000Z,117.408383,23.06165,31,5600
2020-04-26T23:41:40.000Z,117.410133,23.062683,31,5600
2020-04-26T23:42:03.000Z,117.41185,23.063783,31,5500
2020-04-26T23:43:03.000Z,117.416133,23.066533,31,5500
2020-04-26T23:43:51.000Z,117.419533,23.068617,31,5500
2020-04-26T23:44:27.000Z,117.422133,23.07025,31,5500
2020-04-26T23:45:15.000Z,117.425667,23.072467,32,5600
2020-04-26T23:45:51.000Z,117.428283,23.0741,32,5500
2020-04-26T23:46:15.000Z,117.430017,23.075183,32,5500
2020-04-26T23:46:51.000Z,117.43255,23.076767,32,5500
2020-04-26T23:47:39.000Z,117.436083,23.078967,32,5500
2020-04-26T23:48:03.000Z,117.437817,23.08005,32,5500
2020-04-26T23:48:27.000Z,117.439567,23.081167,32,5500
2020-04-26T23:49:04.000Z,117.442167,23.082767,32,5500
2020-04-26T23:49:39.000Z,117.444767,23.0844,32,5600
2020-04-26T23:50:27.000Z,117.448233,23.086567,32,5600
2020-04-26T23:51:40.000Z,117.453433,23.089783,32,5500
2020-04-26T23:52:04.000Z,117.455233,23.090917,32,5500
2020-04-26T23:52:27.000Z,117.456883,23.09195,32,5600
2020-04-26T23:53:04.000Z,117.459567,23.093617,32,5500
2020-04-26T23:53:27.000Z,117.461233,23.094667,32,5500
2020-04-26T23:53:51.000Z,117.462967,23.09575,32,5500
2020-04-26T23:54:27.000Z,117.4655,23.097333,32,5500
2020-04-26T23:55:16.000Z,117.469033,23.09955,32,5500
2020-04-26T23:55:51.000Z,117.47165,23.101167,32,5500
2020-04-26T23:56:28.000Z,117.47425,23.102817,32,5500
2020-04-26T23:56:52.000Z,117.475983,23.1039,32,5500
2020-04-26T23:57:22.000Z,117.478217,23.105317000000007,32,5500
2020-04-26T23:58:04.000Z,117.481267,23.1072,32,5600
2020-04-26T23:58:27.000Z,117.482933,23.10825,32,5500
2020-04-26T23:58:52.000Z,117.48475,23.109383,32,5500
2020-04-26T23:59:52.000Z,117.489083,23.112083,32,5500
2020-04-27T00:01:21.000Z,117.495067,23.11585,32,5500
2020-04-27T00:02:16.000Z,117.499467,23.118617,32,5500
2020-04-27T00:03:16.000Z,117.503767,23.121333,32,5500
2020-04-27T00:04:34.000Z,117.509283,23.124817,32,5500
2020-04-27T00:05:15.000Z,117.512317,23.126717000000006,32,5500
2020-04-27T00:06:40.000Z,117.518367,23.13055,32,5500
2020-04-27T00:07:28.000Z,117.521817,23.132733,32,5500
2020-04-27T00:10:45.000Z,117.536067,23.141717,32,5500
2020-04-27T00:11:15.000Z,117.538217,23.143083,32,5500
2020-04-27T00:11:51.000Z,117.54075,23.1447,32,5500
2020-04-27T00:12:39.000Z,117.544283,23.146917,32,5500
2020-04-27T00:13:03.000Z,117.546017,23.148033,32,5500
2020-04-27T00:13:50.000Z,117.549417,23.150183,32,5500
2020-04-27T00:14:28.000Z,117.552083,23.1519,32,5500
2020-04-27T00:14:58.000Z,117.554233,23.153267,32,5500
2020-04-27T00:15:27.000Z,117.5564,23.15465,32,5500
2020-04-27T00:16:04.000Z,117.559083,23.156317,32,5500
2020-04-27T00:16:39.000Z,117.561567,23.157883,32,5500
2020-04-27T00:17:04.000Z,117.563383,23.159033,32,5500
2020-04-27T00:18:15.000Z,117.568617,23.1624,32,5500
2020-04-27T00:18:39.000Z,117.57035,23.1635,32,5500
2020-04-27T00:19:39.000Z,117.57465,23.166233,32,5500
2020-04-27T00:20:04.000Z,117.576533,23.16745,32,5500
2020-04-27T00:20:28.000Z,117.578267,23.168567000000003,32,5500
2020-04-27T00:21:27.000Z,117.582567,23.171317,32,5500
2020-04-27T00:21:51.000Z,117.58425,23.1724,32,5500
2020-04-27T00:22:15.000Z,117.585983,23.173533,32,5400
2020-04-27T00:22:39.000Z,117.587783,23.174717,32,5500
2020-04-27T00:24:02.000Z,117.5948,23.1792,32,5500
2020-04-27T00:24:26.000Z,117.59655,23.180317,32,5500
2020-04-27T00:25:02.000Z,117.599167,23.182017,32,5400
2020-04-27T00:25:26.000Z,117.600917,23.18315,32,5400
2020-04-27T00:25:51.000Z,117.601783,23.183717,32,5400
2020-04-27T00:26:44.000Z,117.6066,23.1868,32,5500
2020-04-27T00:27:14.000Z,117.608717,23.188167,32,5500
2020-04-27T00:27:40.000Z,117.609733,23.188833,32,5400
2020-04-27T00:29:52.000Z,117.618383,23.194467000000003,32,5400
2020-04-27T00:31:39.000Z,117.627167,23.200133,32,5500
2020-04-27T00:32:04.000Z,117.628917,23.201267,32,5500
2020-04-27T00:33:51.000Z,117.636783,23.206433,32,5400
2020-04-27T00:34:52.000Z,117.641217,23.209283,32,5500
2020-04-27T00:35:28.000Z,117.644017,23.210967,33,5600
2020-04-27T00:35:52.000Z,117.64585,23.212033,33,5700
2020-04-27T00:36:28.000Z,117.648617,23.213583,33,5800
2020-04-27T00:38:16.000Z,117.65725,23.2177,33,6300
2020-04-27T00:38:40.000Z,117.6592,23.218617,33,6300
2020-04-27T00:39:16.000Z,117.662083,23.219817000000006,33,6500
2020-04-27T00:40:16.000Z,117.667117,23.221833,32,6600
2020-04-27T00:40:52.000Z,117.670083,23.223000000000006,32,6600
2020-04-27T00:41:51.000Z,117.67495,23.224967000000003,33,6600
2020-04-27T00:42:40.000Z,117.67895,23.22655,33,6600
2020-04-27T00:43:21.000Z,117.682417,23.227967,33,6600
2020-04-27T00:43:45.000Z,117.6844,23.228767,33,6600
2020-04-27T00:44:09.000Z,117.686383,23.22955,33,6600
2020-04-27T00:44:40.000Z,117.68885,23.230533,33,6600
2020-04-27T00:45:15.000Z,117.691817,23.231767,32,6500
2020-04-27T00:45:51.000Z,117.694683,23.2331,32,6300
2020-04-27T00:46:33.000Z,117.6979,23.234733,32,6000
2020-04-27T00:47:22.000Z,117.7017,23.236783,32,5900
2020-04-27T00:47:45.000Z,117.703483,23.237733,32,5900
2020-04-27T00:48:09.000Z,117.705433,23.2388,32,5900
2020-04-27T00:48:33.000Z,117.7073,23.239817,32,5900
2020-04-27T00:49:03.000Z,117.7096,23.241117000000006,32,5900
2020-04-27T00:50:28.000Z,117.716217,23.244717,33,5900
2020-04-27T00:51:57.000Z,117.723,23.248417,33,5900
2020-04-27T00:54:09.000Z,117.7334,23.254117,33,5900
2020-04-27T00:54:51.000Z,117.736567,23.255867,33,5900
2020-04-27T00:55:28.000Z,117.739517,23.257517,33,5900
2020-04-27T00:56:03.000Z,117.74225,23.259,33,5900
2020-04-27T00:56:50.000Z,117.745917,23.261,33,5900
2020-04-27T00:57:28.000Z,117.748816,23.262583,33,5900
2020-04-27T00:58:16.000Z,117.75265,23.264683,33,5900
2020-04-27T00:58:40.000Z,117.754483,23.2657,33,5900
2020-04-27T00:59:16.000Z,117.757267,23.267217,33,5900
2020-04-27T00:59:40.000Z,117.759067,23.268183,32,5900
2020-04-27T01:00:28.000Z,117.762817,23.270233,33,5900
2020-04-27T01:01:27.000Z,117.767467,23.272833,33,5900
2020-04-27T01:02:16.000Z,117.771233,23.274883,33,5900
2020-04-27T01:03:15.000Z,117.775933,23.27745,33,5900
2020-04-27T01:03:51.000Z,117.77875,23.27895,33,6000
2020-04-27T01:04:40.000Z,117.7826,23.280983,33,6000
2020-04-27T01:05:15.000Z,117.785283,23.282417,33,6000
2020-04-27T01:05:40.000Z,117.787233,23.2836,33,5700
2020-04-27T01:06:04.000Z,117.789017,23.284733,33,5500
2020-04-27T01:07:40.000Z,117.795833,23.289583,33,5000
2020-04-27T01:08:15.000Z,117.798333,23.29155,33,4900
2020-04-27T01:08:52.000Z,117.800817,23.293533,33,4900
2020-04-27T01:09:15.000Z,117.802467,23.29485,33,4900
2020-04-27T01:09:39.000Z,117.804133,23.296183,33,4900
2020-04-27T01:10:04.000Z,117.805817,23.2975,33,4900
2020-04-27T01:10:52.000Z,117.809233,23.300167,33,4900
2020-04-27T01:11:15.000Z,117.810817,23.301417,33,4900
2020-04-27T01:11:51.000Z,117.813333,23.303417,33,4900
2020-04-27T01:12:16.000Z,117.815,23.304733,33,4900
2020-04-27T01:12:52.000Z,117.817533,23.3067,33,5000
2020-04-27T01:14:03.000Z,117.82275,23.310367000000006,33,5200
2020-04-27T01:14:39.000Z,117.825317,23.312083,33,5300
2020-04-27T01:15:15.000Z,117.827967,23.3139,33,5300
2020-04-27T01:15:46.000Z,117.830233,23.315483,33,5300
2020-04-27T01:17:15.000Z,117.836867,23.320017,33,5300
2020-04-27T01:18:28.000Z,117.842217,23.32365,33,5300
2020-04-27T01:18:52.000Z,117.843983,23.324867,33,5300
2020-04-27T01:19:28.000Z,117.84665,23.3267,33,5300
2020-04-27T01:20:04.000Z,117.8492,23.32845,33,5300
2020-04-27T01:20:28.000Z,117.850933,23.329667,33,5300
2020-04-27T01:21:04.000Z,117.853717,23.331483,33,5400
2020-04-27T01:21:28.000Z,117.85555,23.332633,33,5500
2020-04-27T01:23:40.000Z,117.86585,23.338583,33,5800
2020-04-27T01:24:04.000Z,117.867717,23.339667,33,5800
2020-04-27T01:24:39.000Z,117.87045,23.341233,33,5800
2020-04-27T01:25:00.000Z,117.871883,23.342017,33,5800
2020-04-27T01:25:57.000Z,117.876417,23.344917,33,5400
2020-04-27T01:26:39.000Z,117.87955,23.347017,33,5400
2020-04-27T01:27:15.000Z,117.8822,23.3488,33,5400
2020-04-27T01:27:40.000Z,117.884017,23.35,34,5400
2020-04-27T01:28:27.000Z,117.887667,23.3524,34,5400
2020-04-27T01:28:58.000Z,117.889983,23.353917000000006,33,5400
2020-04-27T01:29:27.000Z,117.892167,23.355367,33,5400
2020-04-27T01:30:09.000Z,117.8953,23.35745,33,5400
2020-04-27T01:30:52.000Z,117.898533,23.3596,34,5400
2020-04-27T01:31:27.000Z,117.901183,23.361333,34,5400
2020-04-27T01:32:27.000Z,117.905617,23.3642,33,5600
2020-04-27T01:32:52.000Z,117.907567,23.365317,33,5700
2020-04-27T01:35:52.000Z,117.921183,23.373667,32,5000
2020-04-27T01:36:40.000Z,117.9243,23.376317,33,4600
2020-04-27T01:37:04.000Z,117.92585,23.377833,33,4300
2020-04-27T01:37:28.000Z,117.927183,23.3793,32,4100
2020-04-27T01:37:52.000Z,117.92855,23.380817,32,3900
2020-04-27T01:38:21.000Z,117.930233,23.38275,32,3800
2020-04-27T01:39:04.000Z,117.932617,23.385583,32,3700
2020-04-27T01:39:34.000Z,117.934217,23.3875,33,3700
2020-04-27T01:40:16.000Z,117.936567,23.390267,33,3700
2020-04-27T01:41:03.000Z,117.939233,23.39345,33,3700
2020-04-27T01:42:03.000Z,117.942583,23.397433,33,3700
2020-04-27T01:42:27.000Z,117.943933,23.399033,33,3700
2020-04-27T01:42:52.000Z,117.945283,23.40065,33,3700
2020-04-27T01:44:03.000Z,117.94935,23.405417,33,3800
2020-04-27T01:44:27.000Z,117.950717,23.407,33,3800
2020-04-27T01:45:03.000Z,117.95275,23.4094,33,3700
2020-04-27T01:45:34.000Z,117.954417,23.411417,33,3700
2020-04-27T01:46:10.000Z,117.9565,23.413883,33,3700
2020-04-27T01:46:34.000Z,117.957817,23.4154,33,3800
2020-04-27T01:47:04.000Z,117.959567,23.417467,33,3800
2020-04-27T01:47:39.000Z,117.96155,23.4198,33,3800
2020-04-27T01:48:51.000Z,117.966383,23.425467,33,3800
2020-04-27T01:49:16.000Z,117.967017,23.426183,33,3800
2020-04-27T01:49:39.000Z,117.968383,23.427783,33,3800
2020-04-27T01:50:09.000Z,117.9701,23.429783,33,3800
2020-04-27T01:50:33.000Z,117.971417,23.431333,33,3800
2020-04-27T01:51:04.000Z,117.97325,23.433467,33,3800
2020-04-27T01:51:33.000Z,117.974867,23.435367000000006,33,3800
2020-04-27T01:52:09.000Z,117.976233,23.437183,33,3500
2020-04-27T01:54:51.000Z,117.9844,23.448467,33,3300
2020-04-27T01:57:40.000Z,117.99295,23.460367,33,3300
2020-04-27T02:02:22.000Z,118.007333,23.480333,33,3300
2020-04-27T02:09:10.000Z,118.026616,23.509983,33,3000
2020-04-27T02:16:04.000Z,118.048933,23.544633,33,2900
2020-04-27T02:26:11.000Z,118.074166,23.5851,33,2900
2020-04-27T02:49:57.000Z,118.139933,23.69095,33,2900
2020-04-27T03:04:16.000Z,118.1799,23.7499,33,3800
2020-04-27T03:15:28.000Z,118.215716,23.795233,33,2700
2020-04-27T03:28:12.000Z,118.248983,23.8541,33,2700
2020-04-27T03:39:08.000Z,118.276066,23.9024,31,2600
2020-04-27T03:41:28.000Z,118.28625,23.920733,33,2400
2020-04-27T03:53:29.000Z,118.298467,23.974767,34,800
2020-04-27T03:56:09.000Z,118.300583,23.9879,33,700
2020-04-27T03:59:02.000Z,118.3031,24.003883,33,800
2020-04-27T04:01:38.000Z,118.3051,24.016833,33,700
2020-04-27T04:05:39.000Z,118.308,24.03585,33,700
2020-04-27T04:08:21.000Z,118.310017,24.048433,31,700
2020-04-27T04:10:33.000Z,118.311633,24.0591,31,800
2020-04-27T04:15:57.000Z,118.313567,24.083467,30,35500
2020-04-27T04:19:47.000Z,118.31205,24.101367,30,35500
2020-04-27T04:23:52.000Z,118.310183,24.120267,30,35400
2020-04-27T04:27:45.000Z,118.310417,24.137917,29,300
2020-04-27T04:32:27.000Z,118.312033,24.157783,27,300
2020-04-27T04:36:27.000Z,118.313467,24.17445,27,700
2020-04-27T04:39:16.000Z,118.315317,24.185767,26,700
2020-04-27T04:43:33.000Z,118.3178,24.201283,22,800
2020-04-27T04:45:21.000Z,118.3182,24.207133,21,35900
2020-04-27T04:49:43.000Z,118.316,24.217867,12,34100
2020-04-27T04:51:53.000Z,118.31465,24.221233,9,33800
2020-04-27T04:56:12.000Z,118.313483,24.224733,2,33000
2020-04-27T04:59:33.000Z,118.312883,24.224817,1,22500
2020-04-27T05:02:12.000Z,118.3123,24.224333,1,23000
2020-04-27T05:06:02.000Z,118.311567,24.22385,1,23800
2020-04-27T05:09:31.000Z,118.310817,24.223467000000007,1,24300
2020-04-27T05:11:43.000Z,118.31045,24.2233,1,24500
2020-04-27T05:13:52.000Z,118.310067,24.22315,1,24700
2020-04-27T05:16:12.000Z,118.309333,24.222883,1,24600
2020-04-27T05:20:13.000Z,118.308,24.222383,2,24700
2020-04-27T05:23:54.000Z,118.3069,24.22195,2,24500
2020-04-27T05:27:43.000Z,118.30465,24.223167,7,28700
2020-04-27T05:29:54.000Z,118.30115,24.223783,13,27500
2020-04-27T05:33:53.000Z,118.289867,24.227117,21,30400
2020-04-27T05:38:00.000Z,118.277467,24.236783,26,31300
2020-04-27T05:42:07.000Z,118.2653,24.249567000000006,27,31900
2020-04-27T05:46:19.000Z,118.252617,24.263083,27,31900
2020-04-27T05:49:54.000Z,118.241167,24.273633,27,31100
2020-04-27T05:54:13.000Z,118.226517,24.285317000000006,27,30900
2020-04-27T05:58:07.000Z,118.213533,24.29645,27,31700
2020-04-27T06:02:13.000Z,118.201017,24.308933,27,31700
2020-04-27T06:06:07.000Z,118.189167,24.32075,27,31500
2020-04-27T06:09:49.000Z,118.177133,24.33145,27,31300
2020-04-27T06:14:12.000Z,118.1628,24.34435,27,31400
2020-04-27T06:17:43.000Z,118.152267,24.354117,25,31800
2020-04-27T06:19:42.000Z,118.146867,24.35965,23,31600
2020-04-27T06:21:45.000Z,118.1414,24.3648,22,31500
2020-04-27T06:26:16.000Z,118.130667,24.37485,16,31600
2020-04-27T06:29:57.000Z,118.123217,24.382483,20,31900
2020-04-27T06:33:57.000Z,118.113683,24.392767000000006,23,31900
2020-04-27T06:37:36.000Z,118.103317,24.402333,24,30900
2020-04-27T06:39:46.000Z,118.0964,24.40765,25,30700
2020-04-27T06:43:58.000Z,118.081717,24.41665,25,30100
2020-04-27T06:47:23.000Z,118.069217,24.423833,26,30100
2020-04-27T06:49:30.000Z,118.061567,24.428167,25,30100
2020-04-27T06:51:54.000Z,118.053617,24.432833,23,30500
2020-04-27T06:56:26.000Z,118.046967,24.4462,21,35300
2020-04-27T06:59:47.000Z,118.048367,24.456783,21,1900
2020-04-27T07:05:05.000Z,118.0556,24.472683,20,2700
2020-04-27T07:08:16.000Z,118.060717,24.481333,20,2800
2020-04-27T07:12:02.000Z,118.0664,24.490817,17,2800
2020-04-27T07:18:35.000Z,118.071867,24.5039,12,2300
2020-04-27T07:22:25.000Z,118.074983,24.5104,11,2300
2020-04-27T07:26:26.000Z,118.077217,24.515867,7,2000
2020-04-27T07:30:06.000Z,118.078483,24.51825,2,3700
2020-04-27T07:34:05.000Z,118.079833,24.518967,1,8300
2020-04-27T07:36:36.000Z,118.080033,24.519167000000003,0,3500
2020-04-27T07:39:45.000Z,118.0802,24.51915,0,8200
2020-04-27T07:45:21.000Z,118.08045,24.519083,0,12700
2020-04-27T07:51:46.000Z,118.080467,24.519033,0,9700
2020-04-27T08:06:31.000Z,118.080483,24.519017,0,14400
2020-04-27T08:12:36.000Z,118.0805,24.519066,0,4200
2020-04-27T08:19:18.000Z,118.080483,24.518983,0,16800
2020-04-27T08:28:51.000Z,118.080483,24.518983,0,16800
2020-04-27T08:33:37.000Z,118.080267,24.519217,0,13800
2020-04-27T08:39:36.000Z,118.080433,24.518967,0,14100
2020-04-27T08:45:31.000Z,118.0805,24.518967,0,15300
2020-04-27T08:53:17.000Z,118.080517,24.518983,0,14100
2020-04-27T09:00:32.000Z,118.080433,24.518867,0,14000
2020-04-27T09:03:31.000Z,118.080616,24.51895,0,12000
2020-04-27T09:16:02.000Z,118.080583,24.518933,0,16200
2020-04-27T09:30:32.000Z,118.080633,24.519,0,14300
2020-04-27T09:39:32.000Z,118.080516,24.518966,0,20700
2020-04-27T09:45:30.000Z,118.080533,24.518983,0,17400
2020-04-27T09:51:36.000Z,118.08045,24.518983,0,13800
2020-04-27T09:57:32.000Z,118.0805,24.519,0,14500
2020-04-27T10:03:38.000Z,118.0804,24.519,0,15600
2020-04-27T10:09:32.000Z,118.0805,24.518983,0,15300
2020-04-27T10:12:30.000Z,118.0805,24.519016,0,11900
2020-04-27T10:21:51.000Z,118.080533,24.5192,0,1600
2020-04-27T10:27:38.000Z,118.080417,24.518967,0,3800
2020-04-27T10:34:00.000Z,118.080517,24.5192,0,8300
2020-04-27T10:36:33.000Z,118.08055,24.519216,0,5400
2020-04-27T10:45:38.000Z,118.0805,24.5191,0,5400
2020-04-27T10:48:29.000Z,118.0805,24.519083,0,5400
2020-04-27T10:52:30.000Z,118.080567,24.519233,0,4200
2020-04-27T11:00:31.000Z,118.08055,24.519117,0,6500
2020-04-27T11:15:32.000Z,118.080517,24.51905,0,19000
2020-04-27T11:17:26.000Z,118.0805,24.519067,0,7200
2020-04-27T11:18:31.000Z,118.080533,24.519066,0,18500
2020-04-27T11:30:32.000Z,118.080517,24.51905,0,19200
2020-04-27T11:42:48.000Z,118.080467,24.518983,0,19000
2020-04-27T11:45:29.000Z,118.080483,24.518983,0,20200
2020-04-27T11:51:30.000Z,118.080466,24.519,0,20200
2020-04-27T11:57:29.000Z,118.080467,24.518967,0,16900
2020-04-27T12:09:30.000Z,118.0805,24.518967,0,20600
2020-04-27T12:24:30.000Z,118.0805,24.519,0,19000
2020-04-27T12:27:29.000Z,118.0805,24.519,0,19300
2020-04-27T12:36:31.000Z,118.080483,24.519033,0,20900
2020-04-27T12:36:32.000Z,118.080483,24.519033,0,20900
2020-04-27T12:51:31.000Z,118.080467,24.5191,0,19400
2020-04-27T12:57:32.000Z,118.08045,24.5191,0,19400
2020-04-27T13:03:31.000Z,118.080467,24.519067,0,25900
2020-04-27T13:09:30.000Z,118.0805,24.51905,0,25900
2020-04-27T13:18:32.000Z,118.08045,24.519183,0,17600
2020-04-27T13:21:31.000Z,118.080416,24.519083,0,16400
2020-04-27T13:33:31.000Z,118.080483,24.51905,0,9600
2020-04-27T13:42:31.000Z,118.080433,24.519066,0,9600
2020-04-27T13:48:30.000Z,118.080417,24.51905,0,19200
2020-04-27T13:54:31.000Z,118.080366,24.519083,0,19200
2020-04-27T14:00:31.000Z,118.080583,24.51915,0,20800
2020-04-27T14:03:32.000Z,118.080466,24.518983,0,20100
2020-04-27T14:15:29.000Z,118.080467,24.519017,0,23600
2020-04-27T14:27:32.000Z,118.08045,24.519017,0,23600
2020-04-27T14:42:30.000Z,118.080433,24.519033,0,23600
2020-04-27T14:54:30.000Z,118.080467,24.51895,0,20900
2020-04-27T15:03:32.000Z,118.08045,24.518983,0,21400
2020-04-27T15:09:30.000Z,118.08045,24.519,0,20100
2020-04-27T15:10:29.000Z,118.08045,24.519,0,20200
2020-04-27T15:24:28.000Z,118.080483,24.51905,0,21100
2020-04-27T15:24:29.000Z,118.080483,24.51905,0,21100
2020-04-27T15:36:30.000Z,118.080467,24.518967,0,20100
2020-04-27T15:51:28.000Z,118.0805,24.518917,0,17600
2020-04-27T15:57:31.000Z,118.080483,24.519016,0,19500
2020-04-27T16:03:30.000Z,118.080467,24.519033,0,19500
2020-04-27T16:06:31.000Z,118.08045,24.519016,0,19500
2020-04-27T16:15:35.000Z,118.080383,24.519017,0,26400
2020-04-27T16:21:36.000Z,118.077933,24.519483,3,32700
2020-04-27T16:26:31.000Z,118.078367,24.51965,3,20100
2020-04-27T16:30:00.000Z,118.0769,24.5168,7,20800
2020-04-27T16:34:00.000Z,118.074017,24.511267,13,20100
2020-04-27T16:38:20.000Z,118.069983,24.501217,17,19600
2020-04-27T16:42:40.000Z,118.066033,24.489817,19,20700
2020-04-27T16:46:12.000Z,118.0598,24.481383,19,21100
2020-04-27T16:50:21.000Z,118.053767,24.4699,21,20600
2020-04-27T16:53:41.000Z,118.048967,24.459917,21,19900
2020-04-27T16:57:32.000Z,118.045833,24.447933,21,18000
2020-04-27T16:59:40.000Z,118.047017,24.441017,22,16800
2020-04-27T17:03:51.000Z,118.055717,24.430033,22,12700
2020-04-27T17:07:51.000Z,118.06855,24.422017,23,12200
2020-04-27T17:12:01.000Z,118.082567,24.414167000000006,23,12000
2020-04-27T17:16:12.000Z,118.096267,24.406633,23,12400
2020-04-27T17:20:32.000Z,118.105717,24.39785,15,13700
2020-04-27T17:28:40.000Z,118.1238,24.379633,23,13800
2020-04-27T17:38:38.000Z,118.153133,24.353267,25,12900
2020-04-27T17:48:50.000Z,118.1827,24.3236,27,14100
2020-04-27T17:59:26.000Z,118.215917,24.290683,28,13900
2020-04-27T18:10:56.000Z,118.25595,24.25805,29,12500
2020-04-27T18:19:56.000Z,118.297517,24.244233,31,10600
2020-04-27T18:29:08.000Z,118.345,24.230967,33,10700
2020-04-27T18:37:50.000Z,118.3924,24.2264,33,9200
2020-04-27T18:45:38.000Z,118.434617,24.224533,33,9300
2020-04-27T18:58:44.000Z,118.503633,24.231367,33,11400
2020-04-27T19:05:34.000Z,118.538533,24.222,31,7600
2020-04-27T19:16:40.000Z,118.59435,24.2398,31,7000
2020-04-27T19:26:21.000Z,118.63995,24.259033,31,5600
2020-04-27T19:37:03.000Z,118.686583,24.28685,29,5700
2020-04-27T19:47:45.000Z,118.737,24.30685,29,6600
2020-04-27T20:07:28.000Z,118.823133,24.35305,31,6800
2020-04-27T20:17:27.000Z,118.871416,24.37,29,6900
2020-04-27T20:28:01.000Z,118.923983,24.38445,31,7000
2020-04-27T20:37:45.000Z,118.971216,24.4005,31,7000
2020-04-27T20:53:15.000Z,119.045883,24.428316,31,6400
2020-04-27T21:13:33.000Z,119.140333,24.4708,31,6300
2020-04-27T21:24:09.000Z,119.189883,24.49355,31,6300
2020-04-27T21:34:00.000Z,119.23595,24.5127,29,6800
2020-04-27T21:44:51.000Z,119.287966,24.5321,31,6300
2020-04-27T21:54:15.000Z,119.33105,24.552566,31,6200
2020-04-27T22:04:51.000Z,119.379666,24.576916,31,5900
2020-04-27T22:14:57.000Z,119.42595,24.601816,31,6000
2020-04-27T22:25:16.000Z,119.4732,24.627416,31,5700
2020-04-27T22:35:21.000Z,119.5194,24.653783,31,5700
2020-04-27T22:41:57.000Z,119.5497,24.671016,31,5700
2020-04-27T22:55:45.000Z,119.61375,24.70745,33,5800
2020-04-27T23:06:16.000Z,119.661666,24.736483,31,5200
2020-04-27T23:15:57.000Z,119.703983,24.7654,31,5700
2020-04-27T23:22:34.000Z,119.7346,24.782816,31,5900
2020-04-27T23:28:25.000Z,119.7627,24.798317,33,5900
2020-04-27T23:36:40.000Z,119.800383,24.81865,33,5900
2020-04-27T23:44:14.000Z,119.836583,24.83825,32,5900
2020-04-27T23:46:45.000Z,119.848417,24.844683,33,5900
2020-04-27T23:47:30.000Z,119.8522,24.846683,33,5900
2020-04-27T23:47:57.000Z,119.854,24.847666,31,5800
2020-04-27T23:49:21.000Z,119.869733,24.856066,32,5800
2020-04-28T00:07:57.000Z,119.95675,24.902516,32,6100
2020-04-28T00:20:33.000Z,120.007166,24.927599,31,6200
2020-04-28T00:30:41.000Z,120.054983,24.9512,31,6100
2020-04-28T00:44:58.000Z,120.121666,24.985716,31,5800
2020-04-28T00:51:57.000Z,120.153533,25.003483,32,5800
2020-04-28T00:52:36.000Z,120.156266,25.005033,31,5800
2020-04-28T01:11:09.000Z,120.241267,25.052967,32,5800
2020-04-28T01:35:34.000Z,120.36015,25.118,30,6100
2020-04-28T01:37:34.000Z,120.36015,25.118,30,6100
2020-04-28T01:39:06.000Z,120.36795,25.1217,31,6200
2020-04-28T01:52:40.000Z,120.4265,25.154983,30,5600
2020-04-28T02:01:43.000Z,120.466167,25.178933,30,5500
2020-04-28T02:07:46.000Z,120.491367,25.193217,30,5800
2020-04-28T02:35:49.000Z,120.611283,25.267117,30,5100
2020-04-28T02:43:57.000Z,120.641733,25.29255,30,4900
2020-04-28T03:08:02.000Z,120.748583,25.348983,30,6000
2020-04-28T03:12:01.000Z,120.76625,25.358367,30,5900
2020-04-28T03:15:46.000Z,120.782683,25.367017,30,5800
2020-04-28T03:18:26.000Z,120.794533,25.37335,30,5900
2020-04-28T03:23:41.000Z,120.817483,25.385667,30,5800
2020-04-28T03:24:36.000Z,120.821933,25.388133,30,5800
2020-04-28T03:29:51.000Z,120.844583,25.40035,29,5800
2020-04-28T03:33:39.000Z,120.860733,25.4093,29,5800
2020-04-28T03:36:46.000Z,120.873767,25.4167,30,5700
2020-04-28T03:39:54.000Z,120.88745,25.424617,30,5700
2020-04-28T03:42:11.000Z,120.896817,25.43,30,5600
2020-04-28T03:49:56.000Z,120.930483,25.449283,30,5800
2020-04-28T03:53:28.000Z,120.945033,25.45765,30,5700
2020-04-28T03:56:22.000Z,120.95745,25.464883,30,5600
2020-04-28T03:59:56.000Z,120.9737,25.4745,31,5600
2020-04-28T04:03:50.000Z,120.990817,25.484533,31,5600
2020-04-28T04:07:31.000Z,121.0071,25.494017000000003,31,5600
2020-04-28T04:09:50.000Z,121.017567,25.500133,31,5600
2020-04-28T04:13:21.000Z,121.0329,25.509183,31,5600
2020-04-28T04:15:48.000Z,121.0429,25.515067,31,5700
2020-04-28T04:19:45.000Z,121.06055,25.5253,31,5700
2020-04-28T04:20:23.000Z,121.0632,25.526817,31,5700
2020-04-28T04:48:01.000Z,121.186917,25.594733,31,6000
2020-04-28T04:56:22.000Z,121.225283,25.61495,32,5900
2020-04-28T05:02:30.000Z,121.251683,25.62885,31,6100
2020-04-28T05:08:38.000Z,121.28155,25.643167,31,6200
2020-04-28T05:08:43.000Z,121.28155,25.643166,31,6200
2020-04-28T05:19:13.000Z,121.331917,25.6672,32,6200
2020-04-28T05:19:32.000Z,121.331916,25.6672,31,6200
2020-04-28T05:26:52.000Z,121.3689,25.684867,32,6200
2020-04-28T06:05:26.000Z,121.546533,25.7909,33,5500
2020-04-28T06:11:53.000Z,121.5772,25.8097,33,5600
2020-04-28T06:43:52.000Z,121.74245,25.9055,34,5700
2020-04-28T06:45:52.000Z,121.74245,25.9055,34,5700
2020-04-28T07:40:37.000Z,122.01875,26.061867000000003,36,5700
2020-04-28T08:08:42.000Z,122.16595,26.1396,33,6400
2020-04-28T08:10:42.000Z,122.16595,26.1396,33,6400
2020-04-28T08:25:48.000Z,122.240867,26.172733,33,6300
2020-04-28T08:54:00.000Z,122.390716,26.243833,34,5900
2020-04-28T08:56:00.000Z,122.390717,26.243833,34,5900
2020-04-28T09:11:12.000Z,122.46635,26.281267,34,5400
2020-04-28T09:24:12.000Z,122.5381,26.32465,34,5700
2020-04-28T09:26:12.000Z,122.5381,26.32465,34,5700
2020-04-28T09:45:00.000Z,122.630133,26.378267,35,5700
2020-04-28T10:10:40.000Z,122.744383,26.46415,35,5000
2020-04-28T10:23:47.000Z,122.818216,26.512366,36,5800
2020-04-28T10:25:47.000Z,122.818217,26.512367,36,5800
2020-04-28T10:40:47.000Z,122.895683,26.555467,35,5800
2020-04-28T11:08:52.000Z,123.042166,26.641883,32,5700
2020-04-28T11:10:52.000Z,123.042167,26.641883,32,5700
2020-04-28T11:25:52.000Z,123.111467,26.679967,32,6000
2020-04-28T12:11:05.000Z,123.31895,26.7907,32,5600
2020-04-28T12:26:05.000Z,123.387317,26.8298,32,5600
2020-04-28T12:41:11.000Z,123.4553,26.871083,32,5500
2020-04-28T12:56:16.000Z,123.52335,26.910583000000006,31,5900
2020-04-28T13:48:17.000Z,123.77745,27.045483,32,6000
2020-04-28T13:50:17.000Z,123.77745,27.045483,32,6000
2020-04-28T14:12:04.000Z,123.881167,27.099083,32,6000
2020-04-28T14:30:28.000Z,123.9706,27.1445,33,6000
2020-04-28T15:37:04.000Z,124.279867,27.3143,32,5700
2020-04-28T15:52:04.000Z,124.3494,27.354383,32,5700
2020-04-28T16:05:04.000Z,124.419516,27.393883,32,5800
2020-04-28T16:07:04.000Z,124.419517,27.393883,32,5800
2020-04-28T16:37:10.000Z,124.575533,27.447483,32,7000
2020-04-28T16:50:21.000Z,124.646233,27.486166,32,5600
2020-04-28T16:52:21.000Z,124.646233,27.486167,32,5600
2020-04-28T17:07:22.000Z,124.715583,27.527333,32,5600
2020-04-28T17:35:34.000Z,124.856316,27.6129,33,5500
2020-04-28T17:37:34.000Z,124.856317,27.6129,33,5500
2020-04-28T17:39:32.000Z,124.864433,27.6178,32,5600
2020-04-28T18:18:56.000Z,125.0581,27.733566,33,5600
2020-04-28T18:20:56.000Z,125.0581,27.733567,33,5600
2020-04-28T19:17:52.000Z,125.328517,27.892883,33,5400
2020-04-28T19:28:51.000Z,125.376517,27.925883,33,5100
2020-04-28T19:41:51.000Z,125.444383,27.9724,33,5300
2020-04-28T19:43:51.000Z,125.444383,27.9724,33,5300
2020-04-28T19:49:16.000Z,125.470033,27.988267,33,5500
2020-04-28T20:13:57.000Z,125.58885,28.054933,33,5700
2020-04-28T20:27:02.000Z,125.660366,28.0952,33,5700
2020-04-28T20:29:02.000Z,125.660367,28.0952,33,5700
2020-04-28T20:31:15.000Z,125.67125,28.10135,33,5700
2020-04-28T20:44:21.000Z,125.735833,28.1323,33,6600
2020-04-28T20:57:33.000Z,125.814483,28.1635,33,6200
2020-04-28T20:59:33.000Z,125.814483,28.1635,33,6200
2020-04-29T01:39:18.000Z,127.159733,28.937733,35,5700
2020-04-29T03:23:32.000Z,127.71595,29.250883,37,5800
2020-04-29T03:37:20.000Z,127.792,29.2905,37,5900
2020-04-29T03:52:11.000Z,127.87415,29.3332,37,5800
2020-04-29T04:07:12.000Z,127.955867,29.3774,36,5800
2020-04-29T04:22:17.000Z,128.037217,29.421633,36,5700
2020-04-29T05:16:56.000Z,128.33225,29.58605,37,5700
2020-04-29T05:25:57.000Z,128.381667,29.613717,37,5700
2020-04-29T05:52:41.000Z,128.527267,29.695167,36,5700
2020-04-29T06:07:47.000Z,128.60805,29.74145,36,5500
2020-04-29T06:33:08.000Z,128.739833,29.816967,35,5700
2020-04-29T06:40:44.000Z,128.77945,29.839083,35,5600
2020-04-29T06:44:08.000Z,128.7967,29.848717,35,5600
2020-04-29T07:37:02.000Z,129.0811,29.995317,35,6000
2020-04-29T07:46:07.000Z,129.1295,30.01925,35,6000
2020-04-29T07:52:08.000Z,129.161683,30.034733000000006,35,6100
2020-04-29T08:05:56.000Z,129.23513300000002,30.0709,35,6000
2020-04-29T08:08:32.000Z,129.24905,30.077583,35,6100
2020-04-29T08:17:08.000Z,129.2932,30.100533,35,5900
2020-04-29T08:34:56.000Z,129.38635,30.1487,35,5900
2020-04-29T08:39:38.000Z,129.411133,30.161083,35,6000
2020-04-29T08:42:56.000Z,129.42865,30.169817,35,5900
2020-04-29T08:47:44.000Z,129.454217,30.1827,35,6000
2020-04-29T08:52:02.000Z,129.47725,30.194233,35,6000
2020-04-29T08:56:02.000Z,129.498783,30.204667,35,6100
2020-04-29T09:00:39.000Z,129.5237,30.216683000000003,35,6100
2020-04-29T09:03:08.000Z,129.53716699999998,30.223283,35,6000
2020-04-29T09:07:46.000Z,129.56206699999998,30.235467,35,6100
2020-04-29T09:12:15.000Z,129.5867,30.247233,35,6100
2020-04-29T09:16:26.000Z,129.6095,30.257867,35,6200
2020-04-29T09:20:02.000Z,129.629367,30.26685,35,6300
2020-04-29T09:23:33.000Z,129.647983,30.27615,35,5800
2020-04-29T09:26:14.000Z,129.66205,30.283717,35,5800
2020-04-29T09:30:14.000Z,129.68283300000002,30.295083,35,5600
2020-04-29T09:33:56.000Z,129.701667,30.306,35,5600
2020-04-29T09:37:50.000Z,129.72095,30.3177,34,5300
2020-04-29T09:41:50.000Z,129.740017,30.329967,34,5300
2020-04-29T09:46:08.000Z,129.760417,30.343167,33,5300
2020-04-29T09:49:44.000Z,129.777567,30.354433,34,5200
2020-04-29T09:53:44.000Z,129.79611699999998,30.367467,34,5000
2020-04-29T09:57:32.000Z,129.8129,30.380467,34,4700
2020-04-29T09:59:44.000Z,129.822583,30.388117,34,4700
2020-04-29T10:03:44.000Z,129.84015,30.402,33,4700
2020-04-29T10:07:32.000Z,129.856317,30.415,33,4700
2020-04-29T10:09:45.000Z,129.86603300000002,30.422483000000003,33,4900
2020-04-29T10:13:56.000Z,129.8853,30.43585,33,4900
2020-04-29T10:17:45.000Z,129.901817,30.448617,33,4800
2020-04-29T10:21:39.000Z,129.91935,30.460917,33,5200
2020-04-29T10:23:38.000Z,129.928617,30.467233,32,5200
2020-04-29T10:25:38.000Z,129.938117,30.472833,33,5800
2020-04-29T10:29:26.000Z,129.957267,30.481,32,6300
2020-04-29T10:32:08.000Z,129.970967,30.48695,32,6300
2020-04-29T10:36:33.000Z,129.993617,30.4967,32,6300
2020-04-29T10:40:32.000Z,130.013717,30.50575,32,6100
2020-04-29T10:43:32.000Z,130.029683,30.5131,32,6200
2020-04-29T10:46:09.000Z,130.041833,30.518517,32,6200
2020-04-29T10:49:38.000Z,130.059483,30.526367,32,6300
2020-04-29T10:51:38.000Z,130.069633,30.530767,32,6300
2020-04-29T10:56:02.000Z,130.093017,30.540917,32,6300
2020-04-29T11:00:45.000Z,130.117083,30.55115,32,6300
2020-04-29T11:04:33.000Z,130.13663300000002,30.5593,32,6400
2020-04-29T11:07:50.000Z,130.15366699999998,30.566267,32,6400
2020-04-29T11:11:57.000Z,130.174017,30.57445,32,6500
2020-04-29T11:16:08.000Z,130.19573300000002,30.582983,32,6500
2020-04-29T11:19:38.000Z,130.21395,30.58995,32,6600
2020-04-29T11:21:38.000Z,130.224433,30.5939,32,6600
2020-04-29T11:23:33.000Z,130.2343,30.597783000000003,32,6500
2020-04-29T11:25:57.000Z,130.24675,30.6026,32,6600
2020-04-29T11:29:51.000Z,130.26715,30.610483,32,6600
2020-04-29T11:33:20.000Z,130.28536699999998,30.6175,32,6600
2020-04-29T11:35:21.000Z,130.295817,30.621483,32,6600
2020-04-29T11:37:21.000Z,130.30635,30.6254,32,6600
2020-04-29T11:39:45.000Z,130.319867,30.630333,33,6700
2020-04-29T11:43:27.000Z,130.33908300000002,30.63805,32,6000
2020-04-29T11:45:38.000Z,130.34956699999998,30.643733,32,5600
2020-04-29T11:47:02.000Z,130.35615,30.647667,32,5500
2020-04-29T11:49:32.000Z,130.367767,30.654567,32,5500
2020-04-29T11:51:32.000Z,130.37705,30.660217,32,5400
2020-04-29T11:53:21.000Z,130.385417,30.6654,32,5400
2020-04-29T11:55:45.000Z,130.3963,30.67215,31,5400
2020-04-29T11:57:15.000Z,130.402983,30.676283,31,5400
2020-04-29T11:59:27.000Z,130.412833,30.682383,31,5500
2020-04-29T12:01:32.000Z,130.423,30.68715,31,6200
2020-04-29T12:03:21.000Z,130.431883,30.6911,31,6200
2020-04-29T12:05:57.000Z,130.444617,30.69685,31,6200
2020-04-29T12:10:21.000Z,130.466317,30.706817,31,6100
2020-04-29T12:21:56.000Z,130.522883,30.732933000000006,32,6100
2020-04-29T12:26:21.000Z,130.545117,30.743217,33,6100
2020-04-29T12:29:38.000Z,130.562083,30.751033000000003,33,6100
2020-04-29T12:31:27.000Z,130.5714,30.755333,33,6200
2020-04-29T12:33:45.000Z,130.584117,30.760633,34,6000
2020-04-29T12:35:50.000Z,130.594533,30.765767,34,6200
2020-04-29T12:40:03.000Z,130.617533,30.7762,34,6200
2020-04-29T12:44:03.000Z,130.63888300000002,30.785733,34,6200
2020-04-29T12:47:38.000Z,130.6583,30.79425,34,6300
2020-04-29T12:51:50.000Z,130.68105,30.804183,35,6300
2020-04-29T12:55:52.000Z,130.702933,30.813667,34,6300
2020-04-29T12:59:45.000Z,130.723917,30.822767,34,6200
2020-04-29T13:04:33.000Z,130.749333,30.834183000000003,33,6200
2020-04-29T13:08:03.000Z,130.7669,30.84205,33,6300
2020-04-29T13:12:38.000Z,130.79101699999998,30.852817,33,6100
2020-04-29T13:16:09.000Z,130.810333,30.86145,33,6200
2020-04-29T13:20:32.000Z,130.8328,30.871317,34,6200
2020-04-29T13:23:51.000Z,130.85125,30.879267,34,6300
2020-04-29T13:27:32.000Z,130.8712,30.887733,34,6300
2020-04-29T13:29:32.000Z,130.88125,30.892083000000003,34,6300
2020-04-29T13:31:38.000Z,130.89265,30.896933,34,6300
2020-04-29T13:36:08.000Z,130.91591699999998,30.909117,34,5800
2020-04-29T13:39:44.000Z,130.93463300000002,30.91895,35,5800
2020-04-29T13:43:32.000Z,130.95515,30.929683,35,5800
2020-04-29T13:46:14.000Z,130.96946699999998,30.9371,35,5900
2020-04-29T13:50:33.000Z,130.9923,30.94885,35,5900
2020-04-29T13:53:56.000Z,131.01028300000002,30.958183,35,5800
2020-04-29T13:57:38.000Z,131.02965,30.968883,35,5500
2020-04-29T14:00:02.000Z,131.04208300000002,30.976,35,5600
2020-04-29T14:03:38.000Z,131.06061699999998,30.987,35,5300
2020-04-29T14:07:20.000Z,131.0791,30.9987,35,5300
2020-04-29T14:09:57.000Z,131.092117,31.007217,35,5100
2020-04-29T14:13:44.000Z,131.110667,31.0201,35,5100
2020-04-29T14:15:26.000Z,131.11895,31.02585,36,5100
2020-04-29T14:17:21.000Z,131.128433,31.032383000000006,36,5100
2020-04-29T14:22:02.000Z,131.15158300000002,31.04855,35,5100
2020-04-29T14:25:50.000Z,131.169883,31.061267,35,5000
2020-04-29T14:30:02.000Z,131.18945,31.07465,34,5100
2020-04-29T14:33:32.000Z,131.206133,31.086383,34,5000
2020-04-29T14:35:51.000Z,131.2164,31.093567,34,5000
2020-04-29T14:39:44.000Z,131.235067,31.106567,34,5100
2020-04-29T14:43:14.000Z,131.2512,31.117817,34,5000
2020-04-29T14:45:14.000Z,131.260717,31.124467,35,5000
2020-04-29T14:47:14.000Z,131.27013300000002,31.1312,34,5000
2020-04-29T14:50:02.000Z,131.28325,31.1407,34,5000
2020-04-29T14:53:32.000Z,131.299367,31.152467,34,4900
2020-04-29T14:55:32.000Z,131.308583,31.159283,34,4800
2020-04-29T14:57:39.000Z,131.31895,31.167,34,4800
2020-04-29T14:59:45.000Z,131.32771699999998,31.173833,34,4800
2020-04-29T15:03:50.000Z,131.346367,31.18795,34,4800
2020-04-29T15:08:09.000Z,131.366683,31.203000000000007,35,4900
2020-04-29T15:11:38.000Z,131.3833,31.21565,35,4900
2020-04-29T15:16:02.000Z,131.40305,31.230367,35,4900
2020-04-29T15:19:32.000Z,131.41941699999998,31.242433,35,4900
2020-04-29T15:21:26.000Z,131.428333,31.248967,35,5000
2020-04-29T15:23:38.000Z,131.438817,31.2565,35,5000
2020-04-29T15:27:27.000Z,131.4575,31.269483,36,5100
2020-04-29T15:29:38.000Z,131.46831699999998,31.27705,36,5100
2020-04-29T15:33:57.000Z,131.490083,31.2925,36,5000
2020-04-29T15:37:14.000Z,131.506033,31.304033,36,4900
2020-04-29T15:39:39.000Z,131.51775,31.3127,36,4900
2020-04-29T15:43:26.000Z,131.536183,31.326183,36,4900
2020-04-29T15:45:51.000Z,131.547333,31.3344,36,4900
2020-04-29T15:50:32.000Z,131.5702,31.3514,37,4900
2020-04-29T15:53:37.000Z,131.585317,31.362767,37,4800
2020-04-29T15:56:21.000Z,131.598633,31.372967,37,4700
2020-04-29T15:59:44.000Z,131.61535,31.3858,37,4700
2020-04-29T16:03:38.000Z,131.63445,31.400533000000006,37,4700
2020-04-29T16:07:32.000Z,131.654217,31.415,37,4900
2020-04-29T16:11:44.000Z,131.675733,31.430533,37,4900
2020-04-29T16:15:32.000Z,131.69515,31.4446,38,4900
2020-04-29T16:17:26.000Z,131.705083,31.451783,38,4900
2020-04-29T16:19:32.000Z,131.715733,31.459483,37,5000
2020-04-29T16:23:15.000Z,131.73565,31.473917,38,4900
2020-04-29T16:25:20.000Z,131.74641699999998,31.481767,38,4900
2020-04-29T16:27:14.000Z,131.75605,31.488733,38,4900
2020-04-29T16:29:32.000Z,131.767867,31.497267,38,4900
2020-04-29T16:32:21.000Z,131.7823,31.507617,38,5000
2020-04-29T16:35:51.000Z,131.79961699999998,31.520033,38,5000
2020-04-29T16:40:14.000Z,131.823083,31.536567,38,5000
2020-04-29T16:43:38.000Z,131.84016699999998,31.548617,38,5000
2020-04-29T16:47:20.000Z,131.860233,31.562667,38,5000
2020-04-29T16:49:38.000Z,131.87231699999998,31.57095,38,5100
2020-04-29T16:53:51.000Z,131.893783,31.58565,38,5100
2020-04-29T16:57:14.000Z,131.911867,31.598067,37,5100
2020-04-29T16:59:32.000Z,131.924017,31.606133000000003,38,5200
2020-04-29T17:01:38.000Z,131.935283,31.613517,37,5200
2020-04-29T17:05:56.000Z,131.958233,31.6285,37,5300
2020-04-29T17:09:44.000Z,131.979283,31.641917,37,5300
2020-04-29T17:13:32.000Z,131.999167,31.654217,38,5400
2020-04-29T17:15:56.000Z,132.01225,31.66225,37,5400
2020-04-29T17:19:44.000Z,132.0341,31.6754,38,5400
2020-04-29T17:28:14.000Z,132.079933,31.703833000000003,36,5300
2020-04-29T17:39:02.000Z,132.13545,31.73875,36,5400
2020-04-29T17:48:39.000Z,132.18571699999998,31.769333000000003,35,5400
2020-04-29T17:56:51.000Z,132.225717,31.793717,34,5400
2020-04-29T18:06:44.000Z,132.275833,31.82415,34,5400
2020-04-29T18:17:04.000Z,132.327567,31.856117,35,5300
2020-04-29T18:25:08.000Z,132.36785,31.88125,35,5300
2020-04-29T18:34:03.000Z,132.413717,31.909433,35,5400
2020-04-29T18:50:33.000Z,132.500617,31.9612,35,5500
2020-04-29T19:15:45.000Z,132.633433,32.040317,36,5300
2020-04-29T19:35:51.000Z,132.737667,32.106183,36,5400
2020-04-29T19:48:56.000Z,132.813417,32.1371,36,6400
2020-04-29T19:58:38.000Z,132.8687,32.159733,36,6400
2020-04-29T20:05:32.000Z,132.908883,32.1768,35,6300
2020-04-29T20:20:33.000Z,132.99275,32.213467,35,6300
2020-04-29T20:27:33.000Z,133.03155,32.230033,35,6300
2020-04-29T20:34:14.000Z,133.068917,32.245533,35,6400
2020-04-29T20:37:14.000Z,133.08575,32.25245,35,6400
2020-04-29T20:41:50.000Z,133.11135,32.262783,34,6400
2020-04-29T20:45:26.000Z,133.13135,32.2709,34,6400
2020-04-29T20:46:56.000Z,133.1395,32.274217,34,6300
2020-04-29T20:49:21.000Z,133.152783,32.2797,34,6400
2020-04-29T20:51:21.000Z,133.163883,32.284167,34,6500
2020-04-29T20:53:21.000Z,133.175083,32.28835,34,6600
2020-04-29T20:55:32.000Z,133.1874,32.293017,34,6600
2020-04-29T20:57:09.000Z,133.19636699999998,32.296517,34,6500
2020-04-29T20:59:38.000Z,133.21025,32.301833,34,6500
2020-04-29T21:03:32.000Z,133.23236699999998,32.310267,35,6500
2020-04-29T21:07:08.000Z,133.2528,32.31815,35,6500
2020-04-29T21:09:20.000Z,133.26521699999998,32.32295,35,6500
2020-04-29T21:11:26.000Z,133.27715,32.327566999999995,35,6500
2020-04-29T21:13:20.000Z,133.28806699999998,32.33175,35,6500
2020-04-29T21:15:32.000Z,133.300567,32.336583000000005,35,6500
2020-04-29T21:17:44.000Z,133.313167,32.341467,35,6500
2020-04-29T21:21:32.000Z,133.334817,32.34985,35,6500
2020-04-29T21:23:44.000Z,133.347567,32.354683,35,6600
2020-04-29T21:27:56.000Z,133.371617,32.3638,35,6600
2020-04-29T21:31:57.000Z,133.394733,32.372433,35,6600
2020-04-29T21:35:56.000Z,133.4177,32.38095,35,6600
2020-04-29T21:39:08.000Z,133.435817,32.388017,35,6400
2020-04-29T21:43:32.000Z,133.46065,32.398083,35,6400
2020-04-29T21:46:08.000Z,133.47545,32.40395,35,6400
2020-04-29T21:50:20.000Z,133.499233,32.413267,34,6500
2020-04-29T21:53:38.000Z,133.51765,32.420517,35,6500
2020-04-29T21:55:32.000Z,133.528417,32.424683,35,6500
2020-04-29T21:56:32.000Z,133.534133,32.426883000000004,34,6500
2020-04-29T22:03:38.000Z,133.5741,32.4426,34,6500
2020-04-29T22:05:56.000Z,133.586967,32.447567,35,6500
2020-04-29T22:09:56.000Z,133.609633,32.456267,34,6500
2020-04-29T22:13:38.000Z,133.63045,32.4644,34,6500
2020-04-29T22:16:02.000Z,133.644033,32.469767,34,6500
2020-04-29T22:20:32.000Z,133.66925,32.479567,34,6500
2020-04-29T22:23:50.000Z,133.68793300000002,32.486717,35,6500
2020-04-29T22:27:09.000Z,133.7068,32.493883000000004,35,6500
2020-04-29T22:31:32.000Z,133.731967,32.503383,35,6600
2020-04-29T22:36:21.000Z,133.7598,32.513617,35,6600
2020-04-29T22:37:33.000Z,133.76695,32.516233,35,6600
2020-04-29T22:47:20.000Z,133.82531699999998,32.537033,36,6700
2020-04-29T22:49:08.000Z,133.83605,32.540717,36,6800
2020-04-29T22:51:08.000Z,133.84796699999998,32.5449,36,6600
2020-04-29T22:53:02.000Z,133.8592,32.548983,36,6700
2020-04-29T22:55:20.000Z,133.87295,32.553816999999995,36,6700
2020-04-29T22:56:56.000Z,133.88233300000002,32.557267,35,6500
2020-04-29T22:59:32.000Z,133.897617,32.563033000000004,36,6600
2020-04-29T23:01:44.000Z,133.910567,32.567933000000004,36,6500
2020-04-29T23:05:56.000Z,133.935767,32.57725,36,6600
2020-04-29T23:10:02.000Z,133.960717,32.586333,37,6600
2020-04-29T23:13:44.000Z,133.983,32.594483000000004,37,6700
2020-04-29T23:17:26.000Z,134.005617,32.6025,37,6700
2020-04-29T23:21:56.000Z,134.033167,32.611883,36,6900
2020-04-29T23:25:45.000Z,134.0569,32.618417,36,7200
2020-04-29T23:29:38.000Z,134.08135,32.6249,36,7200
2020-04-29T23:31:21.000Z,134.09195,32.627666999999995,37,7200
2020-04-29T23:33:14.000Z,134.103917,32.6308,37,7200
2020-04-29T23:35:56.000Z,134.121117,32.6353,37,7200
2020-04-29T23:39:08.000Z,134.14135,32.640617,37,7200
2020-04-29T23:41:08.000Z,134.153717,32.644667,37,6700
2020-04-29T23:43:08.000Z,134.16601699999998,32.649117,37,6700
2020-04-29T23:45:27.000Z,134.180133,32.654133,37,6600
2020-04-29T23:47:14.000Z,134.190867,32.6584,37,6400
2020-04-29T23:49:56.000Z,134.207183,32.665033,37,6500
2020-04-29T23:54:02.000Z,134.23125,32.675633000000005,37,6200
2020-04-29T23:57:39.000Z,134.2527,32.685083,37,6200
2020-04-30T00:01:57.000Z,134.27845,32.696366999999995,37,6200
2020-04-30T00:05:33.000Z,134.29955,32.7061,37,5900
2020-04-30T00:09:39.000Z,134.3218,32.717717,34,5900
2020-04-30T00:13:27.000Z,134.34223300000002,32.726983000000004,33,6100
2020-04-30T00:17:27.000Z,134.363233,32.7366,33,6100
2020-04-30T00:21:45.000Z,134.385767,32.747033,33,6000
2020-04-30T00:26:09.000Z,134.4085,32.757717,32,6100
2020-04-30T00:29:44.000Z,134.427233,32.7663,33,6300
2020-04-30T00:33:44.000Z,134.448767,32.775067,33,6400
2020-04-30T00:36:26.000Z,134.463033,32.780916999999995,32,6400
2020-04-30T00:39:32.000Z,134.47931699999998,32.787633,32,6300
2020-04-30T00:40:33.000Z,134.484767,32.789883,32,6400
2020-04-30T00:43:26.000Z,134.499883,32.79615,32,6400
2020-04-30T00:45:50.000Z,134.51205,32.8019,32,5800
2020-04-30T00:50:14.000Z,134.5338,32.812983,32,5800
2020-04-30T00:53:44.000Z,134.55121699999998,32.821833000000005,32,5900
2020-04-30T00:57:38.000Z,134.57101699999998,32.831267,32,6100
2020-04-30T01:02:52.000Z,134.597617,32.842983000000004,32,6200
2020-04-30T01:06:27.000Z,134.61575,32.851717,32,5900
2020-04-30T01:09:56.000Z,134.633283,32.86025,32,5900
2020-04-30T01:13:44.000Z,134.65305,32.869316999999995,33,6400
2020-04-30T01:18:03.000Z,134.675817,32.878883,33,6100
2020-04-30T01:21:40.000Z,134.6951,32.886783,33,6400
2020-04-30T01:26:08.000Z,134.719267,32.896617,33,6400
2020-04-30T01:30:33.000Z,134.743033,32.906133000000004,33,6400
2020-04-30T01:33:26.000Z,134.758633,32.912383,33,6600
2020-04-30T01:35:32.000Z,134.770267,32.916467,33,6700
2020-04-30T01:37:08.000Z,134.77915,32.919433000000005,33,6800
2020-04-30T01:39:44.000Z,134.7936,32.924417,33,6700
2020-04-30T01:43:20.000Z,134.8136,32.9311,33,6800
2020-04-30T01:47:26.000Z,134.8361,32.939167,33,6600
2020-04-30T01:50:15.000Z,134.851467,32.944717,33,6600
2020-04-26T16:00:15.000Z,115.1211,22.202883,34,7800
2020-04-26T16:00:45.000Z,115.123833,22.20335,34,7900
2020-04-26T16:01:11.000Z,115.126033,22.203733,34,7800
2020-04-26T16:01:40.000Z,115.12885,22.2043,34,7700
2020-04-26T16:02:05.000Z,115.13105,22.204717,34,7800
2020-04-26T16:02:28.000Z,115.13315,22.2051,34,7800
2020-04-26T16:02:56.000Z,115.13535,22.2055,34,7900
2020-04-26T16:03:28.000Z,115.138633,22.206083,34,7900
2020-04-26T16:03:53.000Z,115.140867,22.20645,34,7900
2020-04-26T16:04:28.000Z,115.144167,22.20705,34,7800
2020-04-26T16:04:52.000Z,115.14645,22.207483,34,7800
2020-04-26T16:05:47.000Z,115.151467,22.20845,34,7800
2020-04-26T16:06:11.000Z,115.15355,22.208817,34,7900
2020-04-26T16:06:41.000Z,115.1563,22.2093,34,7900
2020-04-26T16:07:03.000Z,115.1585,22.209717,34,7800
2020-04-26T16:07:27.000Z,115.160717,22.210117,34,7800
2020-04-26T16:07:53.000Z,115.163017,22.21055,34,7800
2020-04-26T16:08:29.000Z,115.166233,22.21115,34,7800
2020-04-26T16:09:06.000Z,115.1689,22.21165,34,7800
2020-04-26T16:09:52.000Z,115.17395,22.212567,34,7900
2020-04-26T16:10:15.000Z,115.17615,22.212967000000006,34,7800
2020-04-26T16:10:47.000Z,115.1789,22.213483,34,7800
2020-04-26T16:11:21.000Z,115.182083,22.214083,34,7800
2020-04-26T16:12:04.000Z,115.186017,22.214867,34,7800
2020-04-26T16:12:28.000Z,115.1883,22.2153,34,7800
2020-04-26T16:12:51.000Z,115.1904,22.2157,34,7800
2020-04-26T16:13:22.000Z,115.19305,22.2162,34,7800
2020-04-26T16:13:46.000Z,115.19525,22.216633,34,7800
2020-04-26T16:14:22.000Z,115.198533,22.217233,34,7800
2020-04-26T16:14:46.000Z,115.200833,22.217633,34,7900
2020-04-26T16:15:10.000Z,115.203017,22.218017,34,7900
2020-04-26T16:15:40.000Z,115.205767,22.218533,34,7700
2020-04-26T16:16:10.000Z,115.208467,22.219133,34,7600
2020-04-26T16:16:34.000Z,115.21055,22.219633,34,7500
2020-04-26T16:17:10.000Z,115.213867,22.220467000000006,34,7400
2020-04-26T16:17:34.000Z,115.216033,22.221,34,7400
2020-04-26T16:18:05.000Z,115.218733,22.221683,34,7500
2020-04-26T16:18:29.000Z,115.220917,22.222217,34,7500
2020-04-26T16:19:16.000Z,115.22575,22.223433,34,7500
2020-04-26T16:19:40.000Z,115.22745,22.22385,34,7500
2020-04-26T16:20:04.000Z,115.229567,22.224367,34,7500
2020-04-26T16:20:34.000Z,115.232283,22.225017,34,7500
2020-04-26T16:20:59.000Z,115.23445,22.225533,34,7500
2020-04-26T16:21:22.000Z,115.2365,22.22605,34,7500
2020-04-26T16:21:46.000Z,115.238767,22.226617,34,7500
2020-04-26T16:22:10.000Z,115.240917,22.227133,34,7500
2020-04-26T16:22:34.000Z,115.243083,22.22765,34,7500
2020-04-26T16:22:59.000Z,115.24535,22.2282,34,7500
2020-04-26T16:23:22.000Z,115.247417,22.2287,34,7500
2020-04-26T16:23:46.000Z,115.249583,22.229217,34,7500
2020-04-26T16:24:10.000Z,115.25175,22.22975,34,7500
2020-04-26T16:24:34.000Z,115.253917,22.23025,34,7500
2020-04-26T16:25:09.000Z,115.257167,22.231033,34,7500
2020-04-26T16:25:34.000Z,115.259333,22.23155,34,7500
2020-04-26T16:26:03.000Z,115.262033,22.2322,34,7500
2020-04-26T16:26:29.000Z,115.2642,22.232717,34,7500
2020-04-26T16:26:59.000Z,115.267,22.233383,34,7500
2020-04-26T16:27:22.000Z,115.269067,22.233883,34,7500
2020-04-26T16:27:46.000Z,115.271233,22.234433,34,7400
2020-04-26T16:28:10.000Z,115.2734,22.234983,34,7400
2020-04-26T16:28:34.000Z,115.275567,22.235517,34,7400
2020-04-26T16:28:59.000Z,115.277733,22.236067,34,7400
2020-04-26T16:29:29.000Z,115.280533,22.236767,34,7500
2020-04-26T16:29:52.000Z,115.282617,22.237283,34,7500
2020-04-26T16:30:16.000Z,115.284883,22.237833,34,7500
2020-04-26T16:30:39.000Z,115.286967,22.238367,34,7500
2020-04-26T16:31:04.000Z,115.28915,22.2389,34,7400
2020-04-26T16:31:33.000Z,115.2918,22.23955,34,7500
2020-04-26T16:32:04.000Z,115.294667,22.24015,35,7700
2020-04-26T16:32:28.000Z,115.296983,22.2406,35,7800
2020-04-26T16:32:51.000Z,115.299133,22.241,35,7800
2020-04-26T16:33:34.000Z,115.3038,22.24185,35,7800
2020-04-26T16:34:04.000Z,115.3061,22.242283,34,7900
2020-04-26T16:34:58.000Z,115.310767,22.2431,34,7900
2020-04-26T16:35:34.000Z,115.314117,22.243683,34,7900
2020-04-26T16:35:58.000Z,115.316333,22.244083,34,7900
2020-04-26T16:36:29.000Z,115.3191,22.244583,34,7800
2020-04-26T16:36:52.000Z,115.321317,22.244983,34,7800
2020-04-26T16:37:17.000Z,115.323617,22.2454,34,7800
2020-04-26T16:37:58.000Z,115.327383,22.246083,34,7800
2020-04-26T16:38:29.000Z,115.330133,22.246583,34,7800
2020-04-26T16:38:52.000Z,115.33225,22.246983,34,7800
2020-04-26T16:39:29.000Z,115.33565,22.247617,34,7800
2020-04-26T16:39:52.000Z,115.337767,22.248017,34,7800
2020-04-26T16:40:28.000Z,115.34125,22.248683,34,7800
2020-04-26T16:40:52.000Z,115.343417,22.249083,34,7800
2020-04-26T16:41:47.000Z,115.349217,22.25015,34,7800
2020-04-26T16:42:10.000Z,115.35125,22.250517,34,7800
2020-04-26T16:42:33.000Z,115.352783,22.2508,34,7800
2020-04-26T16:42:58.000Z,115.354933,22.2512,34,7800
2020-04-26T16:43:22.000Z,115.35715,22.251617,34,7800
2020-04-26T16:43:46.000Z,115.35935,22.252033,34,7800
2020-04-26T16:44:10.000Z,115.361567,22.252433,34,7800
2020-04-26T16:44:35.000Z,115.363867,22.252883,34,7800
2020-04-26T16:44:59.000Z,115.365983,22.253283,34,7800
2020-04-26T16:45:59.000Z,115.371767,22.25435,34,7900
2020-04-26T16:46:22.000Z,115.3737,22.254683,34,7900
2020-04-26T16:46:52.000Z,115.376417,22.255167,34,7900
2020-04-26T16:47:16.000Z,115.3787,22.255567000000006,34,7900
2020-04-26T16:47:40.000Z,115.3809,22.255967,34,7900
2020-04-26T16:48:05.000Z,115.383,22.256333,34,7900
2020-04-26T16:48:29.000Z,115.3852,22.25675,34,7900
2020-04-26T16:48:59.000Z,115.387967,22.257233,34,7800
2020-04-26T16:49:29.000Z,115.3907,22.257733,34,7800
2020-04-26T16:49:53.000Z,115.392967,22.25815,34,7900
2020-04-26T16:50:16.000Z,115.395067,22.258533,34,7900
2020-04-26T16:50:41.000Z,115.397333,22.258933,34,7900
2020-04-26T16:51:53.000Z,115.404717,22.260267,34,7900
2020-04-26T16:52:28.000Z,115.407167,22.260667,34,7900
2020-04-26T16:53:10.000Z,115.411083,22.2613,34,7900
2020-04-26T16:53:40.000Z,115.413683,22.261817,34,7900
2020-04-26T16:54:04.000Z,115.415867,22.262217,34,7900
2020-04-26T16:54:28.000Z,115.418067,22.2626,34,7900
2020-04-26T16:54:52.000Z,115.42025,22.263,34,7900
2020-04-26T16:55:17.000Z,115.422533,22.2634,34,7900
2020-04-26T16:55:58.000Z,115.426267,22.26405,34,7900
2020-04-26T16:56:28.000Z,115.429017,22.264533,34,7900
2020-04-26T16:56:52.000Z,115.431117,22.2649,34,7900
2020-04-26T16:57:22.000Z,115.43395,22.265417000000006,34,7900
2020-04-26T16:57:59.000Z,115.437317,22.266033,34,7900
2020-04-26T16:58:22.000Z,115.4394,22.266417,34,7900
2020-04-26T16:58:47.000Z,115.441583,22.2668,34,7900
2020-04-26T16:59:11.000Z,115.4438,22.267217,34,7900
2020-04-26T16:59:34.000Z,115.445983,22.267583,34,7900
2020-04-26T16:59:58.000Z,115.448283,22.267983,34,7900
2020-04-26T17:00:22.000Z,115.450383,22.26835,34,7900
2020-04-26T17:00:46.000Z,115.452733,22.268667,34,7900
2020-04-26T17:01:27.000Z,115.456817,22.269567,34,7900
2020-04-26T17:02:04.000Z,115.459633,22.27,34,7900
2020-04-26T17:02:29.000Z,115.462017,22.270367,34,7900
2020-04-26T17:03:10.000Z,115.465733,22.2711,34,7800
2020-04-26T17:03:40.000Z,115.468433,22.271617000000006,34,7800
2020-04-26T17:04:16.000Z,115.472367,22.272367000000006,34,7900
2020-04-26T17:04:41.000Z,115.473967,22.272617,34,7900
2020-04-26T17:05:16.000Z,115.477233,22.2732,34,7900
2020-04-26T17:05:40.000Z,115.47945,22.2736,34,7900
2020-04-26T17:06:16.000Z,115.482617,22.274167,34,7900
2020-04-26T17:06:40.000Z,115.484783,22.274567,34,7800
2020-04-26T17:08:03.000Z,115.492233,22.27605,34,7800
2020-04-26T17:08:45.000Z,115.4964,22.276717,34,7800
2020-04-26T17:09:09.000Z,115.49845,22.2771,34,7800
2020-04-26T17:09:35.000Z,115.500617,22.2775,34,7800
2020-04-26T17:09:57.000Z,115.502817,22.277867,34,7800
2020-04-26T17:10:28.000Z,115.5056,22.278383,34,7800
2020-04-26T17:10:51.000Z,115.507683,22.278767,34,7800
2020-04-26T17:11:27.000Z,115.51095,22.279367,34,7800
2020-04-26T17:11:52.000Z,115.51305,22.279783,34,7800
2020-04-26T17:12:34.000Z,115.517483,22.280533,34,7900
2020-04-26T17:13:22.000Z,115.52215,22.281483,34,7900
2020-04-26T17:13:45.000Z,115.52355,22.281683,34,7900
2020-04-26T17:14:15.000Z,115.5261,22.282233,34,7800
2020-04-26T17:14:39.000Z,115.5283,22.282533,34,7900
2020-04-26T17:15:11.000Z,115.5315,22.283183,34,7800
2020-04-26T17:15:39.000Z,115.533767,22.2836,34,7800
2020-04-26T17:16:10.000Z,115.536567,22.284117,34,7900
2020-04-26T17:16:39.000Z,115.539117,22.284583,34,7900
2020-04-26T17:17:04.000Z,115.541383,22.285,34,7900
2020-04-26T17:17:27.000Z,115.5435,22.285383,34,7900
2020-04-26T17:17:53.000Z,115.545867,22.285817,34,7800
2020-04-26T17:18:16.000Z,115.54795,22.2862,34,7900
2020-04-26T17:18:47.000Z,115.551183,22.286717000000003,34,7900
2020-04-26T17:19:16.000Z,115.554333,22.287417,34,7800
2020-04-26T17:19:52.000Z,115.55765,22.288033,34,7800
2020-04-26T17:20:16.000Z,115.55995,22.28825,34,7900
2020-04-26T17:20:40.000Z,115.562017,22.288817,34,7900
2020-04-26T17:21:10.000Z,115.564733,22.28935,34,7900
2020-04-26T17:21:34.000Z,115.566917,22.28975,34,7800
2020-04-26T17:21:59.000Z,115.56935,22.29025,34,7800
2020-04-26T17:22:28.000Z,115.57165,22.29065,34,7900
2020-04-26T17:22:59.000Z,115.57465,22.291133,34,7900
2020-04-26T17:23:22.000Z,115.57675,22.291517,34,7800
2020-04-26T17:23:46.000Z,115.57895,22.29185,34,8000
2020-04-26T17:24:15.000Z,115.581717,22.292233,34,8100
2020-04-26T17:24:40.000Z,115.58315,22.29235,34,8200
2020-04-26T17:25:16.000Z,115.586567,22.292783,34,8300
2020-04-26T17:25:53.000Z,115.589683,22.293083,34,8300
2020-04-26T17:26:16.000Z,115.591767,22.2933,34,8300
2020-04-26T17:26:53.000Z,115.595083,22.293617,34,8300
2020-04-26T17:27:16.000Z,115.597367,22.2939,33,8300
2020-04-26T17:27:40.000Z,115.5995,22.294133,33,8200
2020-04-26T17:28:10.000Z,115.6023,22.294517000000006,33,8200
2020-04-26T17:28:40.000Z,115.605067,22.2948,33,8200
2020-04-26T17:29:10.000Z,115.60785,22.295217,33,8200
2020-04-26T17:29:34.000Z,115.6101,22.2954,33,8300
2020-04-26T17:30:04.000Z,115.61255,22.295683,33,8200
2020-04-26T17:30:46.000Z,115.616667,22.296283,33,8200
2020-04-26T17:31:46.000Z,115.622817,22.297067,33,8100
2020-04-26T17:32:16.000Z,115.624267,22.297267,33,8200
2020-04-26T17:33:46.000Z,115.63395,22.298617,34,8100
2020-04-26T17:34:50.000Z,115.640117,22.299333,34,8200
2020-04-26T17:35:16.000Z,115.641183,22.299383,34,8200
2020-04-26T17:35:46.000Z,115.643917,22.299683,34,8200
2020-04-26T17:36:22.000Z,115.64725,22.300083,34,8200
2020-04-26T17:36:58.000Z,115.650733,22.300633,34,8200
2020-04-26T17:39:28.000Z,115.66315,22.302083,34,8200
2020-04-26T17:45:28.000Z,115.697083,22.308016,33,7700
2020-04-26T17:47:17.000Z,115.706733,22.3102,34,7600
2020-04-26T17:50:47.000Z,115.725667,22.3144,34,7600
2020-04-26T17:51:10.000Z,115.727983,22.315033,34,7600
2020-04-26T17:51:40.000Z,115.730467,22.315483,34,7600
2020-04-26T17:52:04.000Z,115.732517,22.315933,34,7600
2020-04-26T17:52:58.000Z,115.737383,22.317017,34,7700
2020-04-26T17:53:52.000Z,115.742983,22.318383,34,7600
2020-04-26T17:54:16.000Z,115.7453,22.3189,34,7600
2020-04-26T17:54:58.000Z,115.749133,22.31975,34,7600
2020-04-26T17:55:27.000Z,115.7519,22.320333,34,7600
2020-04-26T17:55:58.000Z,115.754567,22.320933,34,7600
2020-04-26T17:56:22.000Z,115.756717,22.3214,34,7600
2020-04-26T17:56:46.000Z,115.758133,22.3217,34,7600
2020-04-26T17:57:35.000Z,115.76235,22.322533,34,7700
2020-04-26T18:00:14.000Z,115.7758,22.3254,34,7700
2020-04-26T18:06:04.000Z,115.808567,22.332333,34,7700
2020-04-26T18:10:48.000Z,115.833333,22.3374,34,7700
2020-04-26T18:14:04.000Z,115.852017,22.341217,34,7800
2020-04-26T18:15:32.000Z,115.8592,22.342617,34,7800
2020-04-26T18:18:28.000Z,115.87625,22.346083,34,7800
2020-04-26T18:20:04.000Z,115.885683,22.34815,34,7700
2020-04-26T18:20:28.000Z,115.887917,22.348617,34,7700
2020-04-26T18:24:16.000Z,115.9083,22.3528,34,7700
2020-04-26T18:25:34.000Z,115.915983,22.354383,34,7700
2020-04-26T18:26:04.000Z,115.917933,22.354717,34,7700
2020-04-26T18:26:34.000Z,115.920383,22.355217,34,7700
2020-04-26T18:27:34.000Z,115.926067,22.356383,34,7700
2020-04-26T18:28:11.000Z,115.929333,22.357067,34,7700
2020-04-26T18:28:41.000Z,115.932167,22.35765,34,7700
2020-04-26T18:29:04.000Z,115.934283,22.358083,34,7700
2020-04-26T18:29:41.000Z,115.937583,22.358767,34,7700
2020-04-26T18:30:04.000Z,115.939833,22.359167000000006,34,7700
2020-04-26T18:30:34.000Z,115.9426,22.359733,34,7700
2020-04-26T18:32:04.000Z,115.951717,22.361717,34,7700
2020-04-26T18:32:34.000Z,115.954417,22.362367000000006,34,7500
2020-04-26T18:32:58.000Z,115.956533,22.363033,34,7300
2020-04-26T18:34:52.000Z,115.965567,22.366083,34,6900
2020-04-26T18:35:17.000Z,115.96765,22.366833,34,6800
2020-04-26T18:36:16.000Z,115.972967,22.368733,34,6800
2020-04-26T18:36:52.000Z,115.976617,22.37,34,6800
2020-04-26T18:39:17.000Z,115.988183,22.37415,34,6800
2020-04-26T18:42:52.000Z,116.008267,22.381383,34,6900
2020-04-26T18:43:28.000Z,116.010767,22.38225,34,6900
2020-04-26T18:43:52.000Z,116.01275,22.382967,34,6900
2020-04-26T18:44:22.000Z,116.015367,22.383883,34,6900
2020-04-26T18:45:53.000Z,116.023217,22.38665,34,6900
2020-04-26T18:47:05.000Z,116.029567,22.388917000000006,34,6900
2020-04-26T18:48:05.000Z,116.034617,22.390867,34,6500
2020-04-26T18:57:28.000Z,116.081316,22.4144,33,5800
2020-04-26T18:58:57.000Z,116.089317,22.41905,34,5800
2020-04-26T19:02:21.000Z,116.104267,22.426267000000006,34,6500
2020-04-26T19:03:37.000Z,116.1098,22.428517000000006,34,6600
2020-04-26T19:07:46.000Z,116.132283,22.436633,33,6900
2020-04-26T19:14:31.000Z,116.1667,22.449,34,6800
2020-04-26T19:15:15.000Z,116.171283,22.45065,34,6800
2020-04-26T19:15:51.000Z,116.1744,22.451783,34,6800
2020-04-26T19:16:34.000Z,116.177983,22.4531,34,6800
2020-04-26T19:17:39.000Z,116.1846,22.45555,34,6800
2020-04-26T19:18:10.000Z,116.187183,22.45645,34,6800
2020-04-26T19:18:34.000Z,116.18925,22.457167,34,6800
2020-04-26T19:19:04.000Z,116.191917,22.45815,34,6800
2020-04-26T19:19:28.000Z,116.194,22.458917,34,6800
2020-04-26T19:19:51.000Z,116.195967,22.459633,34,6800
2020-04-26T19:20:40.000Z,116.200117,22.46115,34,6800
2020-04-26T19:28:57.000Z,116.241366,22.478233,33,6400
2020-04-26T19:29:37.000Z,116.243683,22.4793,34,6400
2020-04-26T19:32:10.000Z,116.257283,22.485233,34,6400
2020-04-26T19:38:40.000Z,116.291383,22.497016,33,7000
2020-04-26T19:42:28.000Z,116.3114,22.50375,34,6800
2020-04-26T19:43:28.000Z,116.3159,22.505433,34,6700
2020-04-26T19:43:52.000Z,116.3178,22.50615,34,6800
2020-04-26T19:44:17.000Z,116.32,22.507,34,6800
2020-04-26T19:45:04.000Z,116.32315,22.50815,34,6700
2020-04-26T19:49:16.000Z,116.345416,22.518683,33,6100
2020-04-26T19:59:30.000Z,116.394566,22.543816,33,6100
2020-04-26T20:00:56.000Z,116.402633,22.5479,33,6100
2020-04-26T20:03:04.000Z,116.4119,22.552617,34,6100
2020-04-26T20:03:29.000Z,116.4139,22.553517000000006,34,6300
2020-04-26T20:05:16.000Z,116.4221,22.556933,34,6600
2020-04-26T20:05:53.000Z,116.425133,22.558167,34,6600
2020-04-26T20:07:58.000Z,116.434717,22.562083,33,6600
2020-04-26T20:09:58.000Z,116.446583,22.56715,33,6500
2020-04-26T20:13:28.000Z,116.465317,22.57195,34,7500
2020-04-26T20:14:22.000Z,116.4696,22.572933,34,7500
2020-04-26T20:15:16.000Z,116.473917,22.57385,33,7500
2020-04-26T20:15:37.000Z,116.474967,22.574083,33,7500
2020-04-26T20:17:33.000Z,116.48705,22.577,33,7500
2020-04-26T20:18:52.000Z,116.493167,22.57835,33,7600
2020-04-26T20:19:45.000Z,116.497783,22.5795,33,7500
2020-04-26T20:20:33.000Z,116.503,22.58075,33,7500
2020-04-26T20:22:45.000Z,116.514683,22.583483,33,7500
2020-04-26T20:24:40.000Z,116.523967,22.585567,33,7500
2020-04-26T20:25:41.000Z,116.52995,22.58705,33,7500
2020-04-26T20:30:11.000Z,116.553833,22.592716,33,7500
2020-04-26T20:30:43.000Z,116.555967,22.5932,33,7500
2020-04-26T20:31:41.000Z,116.5616,22.59495,33,7100
2020-04-26T20:32:04.000Z,116.56365,22.595583,33,7100
2020-04-26T20:32:34.000Z,116.5662,22.59655,32,6800
2020-04-26T20:33:33.000Z,116.570183,22.598133,33,6600
2020-04-26T20:34:26.000Z,116.575583,22.600383,33,6600
2020-04-26T20:35:10.000Z,116.578133,22.60145,33,6600
2020-04-26T20:35:53.000Z,116.5815,22.60285,33,6500
2020-04-26T20:36:52.000Z,116.586783,22.605083,33,6600
2020-04-26T20:37:46.000Z,116.590767,22.60695,32,6100
2020-04-26T20:38:44.000Z,116.594967,22.609133,32,6100
2020-04-26T20:40:40.000Z,116.604983,22.6144,33,6100
2020-04-26T20:41:34.000Z,116.608,22.615883,33,6100
2020-04-26T20:42:04.000Z,116.61095,22.617383,33,6100
2020-04-26T20:42:41.000Z,116.614533,22.619283,33,6100
2020-04-26T20:43:04.000Z,116.616417,22.620233,33,6100
2020-04-26T20:43:45.000Z,116.61905,22.62155,33,6100
2020-04-26T20:44:46.000Z,116.623633,22.623867,33,6100
2020-04-26T20:45:28.000Z,116.627017,22.6256,33,6100
2020-04-26T20:45:53.000Z,116.629017,22.626567,33,6300
2020-04-26T20:46:28.000Z,116.6319,22.62775,33,6800
2020-04-26T20:47:04.000Z,116.634933,22.62865,33,7300
2020-04-26T20:47:34.000Z,116.63755,22.629283,33,7500
2020-04-26T20:48:04.000Z,116.640183,22.629883,33,7600
2020-04-26T20:49:40.000Z,116.6485,22.631767,33,7600
2020-04-26T20:50:05.000Z,116.650783,22.632267,33,7600
2020-04-26T20:51:40.000Z,116.65975,22.634283,33,7600
2020-04-26T20:52:40.000Z,116.664617,22.6354,33,7600
2020-04-26T20:53:16.000Z,116.668267,22.63615,33,7600
2020-04-26T20:53:40.000Z,116.670033,22.636633,33,7600
2020-04-26T20:54:16.000Z,116.672833,22.637433,32,7300
2020-04-26T20:55:16.000Z,116.677867,22.639317,32,6700
2020-04-26T20:55:40.000Z,116.67965,22.64005,32,6600
2020-04-26T20:57:17.000Z,116.687467,22.643217,32,6600
2020-04-26T21:01:28.000Z,116.708917,22.651917,32,6600
2020-04-26T21:01:59.000Z,116.7113,22.652883,31,6600
2020-04-26T21:07:52.000Z,116.738317,22.667417,32,5100
2020-04-26T21:08:39.000Z,116.740783,22.6694,32,5100
2020-04-26T21:09:15.000Z,116.743733,22.671583,32,5100
2020-04-26T21:11:03.000Z,116.75065,22.676767,32,5100
2020-04-26T21:11:27.000Z,116.7523,22.677983,32,5100
2020-04-26T21:12:16.000Z,116.7562,22.68095,32,5100
2020-04-26T21:12:51.000Z,116.758683,22.682817,32,5100
2020-04-26T21:14:04.000Z,116.7637,22.686533,32,5100
2020-04-26T21:14:51.000Z,116.766833,22.688917,32,5000
2020-04-26T21:15:51.000Z,116.771217,22.6919,32,5400
2020-04-26T21:16:15.000Z,116.772967,22.693017,32,5500
2020-04-26T21:16:51.000Z,116.7756,22.69465,32,5600
2020-04-26T21:17:27.000Z,116.777817,22.696017,32,5600
2020-04-26T21:19:04.000Z,116.785467,22.700733,32,5600
2020-04-26T21:20:27.000Z,116.79075,22.704133,32,5200
2020-04-26T21:21:27.000Z,116.79455,22.707367,31,4700
2020-04-26T21:21:50.000Z,116.79605,22.708767,32,4600
2020-04-26T21:22:28.000Z,116.798833,22.711367000000006,32,4600
2020-04-26T21:22:51.000Z,116.8003,22.712667,32,4600
2020-04-26T21:23:39.000Z,116.803183,22.7151,32,4600
2020-04-26T21:24:27.000Z,116.806433,22.71815,32,4600
2020-04-26T21:25:16.000Z,116.80945,22.72085,32,4500
2020-04-26T21:26:04.000Z,116.811717,22.722867,32,4600
2020-04-26T21:27:03.000Z,116.8163,22.72695,32,4600
2020-04-26T21:27:40.000Z,116.81855,22.728967,32,4600
2020-04-26T21:29:56.000Z,116.82745,22.736767,32,4700
2020-04-26T21:30:41.000Z,116.82865,22.737717,32,4900
2020-04-26T21:32:16.000Z,116.83655,22.74375,32,5100
2020-04-26T21:33:32.000Z,116.842217,22.747817,32,5100
2020-04-26T21:34:08.000Z,116.8451,22.7501,32,5100
2020-04-26T21:35:03.000Z,116.847917,22.7522,32,5100
2020-04-26T21:35:56.000Z,116.852167,22.7553,32,5100
2020-04-26T21:39:21.000Z,116.867083,22.7649,32,5600
2020-04-26T21:40:33.000Z,116.871583,22.767533,32,5600
2020-04-26T21:41:40.000Z,116.875333,22.769967,32,5600
2020-04-26T21:44:32.000Z,116.888983,22.77825,32,5600
2020-04-26T21:46:08.000Z,116.896383,22.78295,31,5600
2020-04-26T21:46:51.000Z,116.8981,22.783883,31,5600
2020-04-26T21:48:53.000Z,116.907483,22.789667,31,5600
2020-04-26T21:51:03.000Z,116.916417,22.79525,31,5600
2020-04-26T21:51:29.000Z,116.9181,22.796183,31,5600
2020-04-26T21:51:53.000Z,116.91985,22.797217,31,5600
2020-04-26T21:52:16.000Z,116.921483,22.798233,31,5600
2020-04-26T21:52:40.000Z,116.923,22.79925,31,5600
2020-04-26T21:53:16.000Z,116.926333,22.801267000000006,31,5600
2020-04-26T21:53:41.000Z,116.928167,22.802367,31,5600
2020-04-26T21:54:40.000Z,116.931933,22.80465,31,5600
2020-04-26T21:55:40.000Z,116.937217,22.80775,31,5800
2020-04-26T21:56:11.000Z,116.939217,22.808817,31,6100
2020-04-26T21:56:41.000Z,116.9414,22.809883,31,6100
2020-04-26T21:57:22.000Z,116.944617,22.81145,31,6200
2020-04-26T21:57:47.000Z,116.94645,22.812333,31,6200
2020-04-26T21:58:11.000Z,116.948267,22.813233,31,6100
2020-04-26T21:59:22.000Z,116.95375,22.815967,31,6200
2020-04-26T21:59:52.000Z,116.95605,22.8171,31,6200
2020-04-26T22:00:16.000Z,116.9582,22.818133,31,6100
2020-04-26T22:00:39.000Z,116.959767,22.8189,31,6100
2020-04-26T22:01:29.000Z,116.96325,22.82065,31,6100
2020-04-26T22:02:10.000Z,116.965883,22.821983,31,6100
2020-04-26T22:02:33.000Z,116.967567,22.822817,31,6200
2020-04-26T22:03:10.000Z,116.970383,22.8242,31,6200
2020-04-26T22:03:58.000Z,116.9748,22.826367,31,6200
2020-04-26T22:04:27.000Z,116.977083,22.82745,31,6200
2020-04-26T22:04:52.000Z,116.978917,22.82835,31,6200
2020-04-26T22:05:15.000Z,116.98065,22.829217,31,6200
2020-04-26T22:05:39.000Z,116.982567,22.83015,31,6200
2020-04-26T22:06:15.000Z,116.985317,22.831467,31,6200
2020-04-26T22:06:39.000Z,116.986683,22.832117,31,6200
2020-04-26T22:07:21.000Z,116.989667,22.833583,31,6200
2020-04-26T22:07:51.000Z,116.9919,22.834717,31,6200
2020-04-26T22:08:21.000Z,116.994083,22.835817,31,6100
2020-04-26T22:09:22.000Z,116.998367,22.838033,31,5900
2020-04-26T22:10:04.000Z,117.002417,22.840267,31,5900
2020-04-26T22:10:51.000Z,117.005167,22.841833,31,5900
2020-04-26T22:11:57.000Z,117.010083,22.84455,31,5900
2020-04-26T22:13:03.000Z,117.0156,22.8477,31,5900
2020-04-26T22:13:52.000Z,117.01935,22.849633,31,5900
2020-04-26T22:14:34.000Z,117.02245,22.851333,31,5900
2020-04-26T22:16:01.000Z,117.028217,22.8545,31,5900
2020-04-26T22:21:52.000Z,117.0549,22.869033,31,5900
2020-04-26T22:24:08.000Z,117.06595,22.87505,31,5900
2020-04-26T22:25:05.000Z,117.068583,22.876466,31,5900
2020-04-26T22:30:33.000Z,117.09375,22.890183,31,5900
2020-04-26T22:31:33.000Z,117.098883,22.893017,31,5900
2020-04-26T22:32:33.000Z,117.10275,22.895117000000006,31,5900
2020-04-26T22:32:57.000Z,117.104417,22.896033,31,5900
2020-04-26T22:33:21.000Z,117.106167,22.897,31,5900
2020-04-26T22:34:33.000Z,117.11225,22.900383,31,5900
2020-04-26T22:36:20.000Z,117.120183,22.904783,31,5800
2020-04-26T22:45:09.000Z,117.158383,22.925917,31,5900
2020-04-26T22:45:32.000Z,117.160483,22.927117000000006,31,5800
2020-04-26T22:45:56.000Z,117.16255,22.928283,31,5800
2020-04-26T22:46:21.000Z,117.1645,22.929367000000006,31,5900
2020-04-26T22:47:22.000Z,117.1671,22.930783,31,5900
2020-04-26T22:47:55.000Z,117.169767,22.932267,31,5900
2020-04-26T22:49:21.000Z,117.17785,22.936717,31,5800
2020-04-26T22:50:19.000Z,117.182117,22.939133,31,5800
2020-04-26T22:50:57.000Z,117.184833,22.94065,31,5800
2020-04-26T22:52:08.000Z,117.19015,22.943583,31,5800
2020-04-26T22:55:40.000Z,117.204616,22.951733,31,5800
2020-04-26T22:59:52.000Z,117.223167,22.96225,31,5800
2020-04-26T23:00:52.000Z,117.227467,22.964717,31,5700
2020-04-26T23:02:53.000Z,117.235383,22.969267,31,5800
2020-04-26T23:07:27.000Z,117.2563,22.98125,31,5800
2020-04-26T23:12:03.000Z,117.275867,22.992433,31,5800
2020-04-26T23:12:39.000Z,117.278983,22.9941,31,5900
2020-04-26T23:13:52.000Z,117.284383,22.996867,31,6100
2020-04-26T23:15:15.000Z,117.290733,23.000083,31,6100
2020-04-26T23:16:16.000Z,117.295283,23.00235,31,6100
2020-04-26T23:18:39.000Z,117.3061,23.007817000000006,31,6100
2020-04-26T23:20:15.000Z,117.313433,23.011517,31,6100
2020-04-26T23:22:43.000Z,117.324017,23.01685,31,6100
2020-04-26T23:25:03.000Z,117.335367,23.0226,31,6100
2020-04-26T23:25:51.000Z,117.339017,23.02445,31,6100
2020-04-26T23:28:58.000Z,117.3531,23.0316,31,6100
2020-04-26T23:32:28.000Z,117.36925,23.039767,31,6000
2020-04-26T23:33:14.000Z,117.373667,23.042167000000006,31,5900
2020-04-26T23:34:52.000Z,117.38,23.045633,31,5900
2020-04-26T23:35:15.000Z,117.381717,23.046567,31,5900
2020-04-26T23:37:27.000Z,117.39155,23.052017000000006,31,5900
2020-04-26T23:37:52.000Z,117.3934,23.05305,31,5900
2020-04-26T23:38:15.000Z,117.395133,23.053967,31,5900
2020-04-26T23:38:52.000Z,117.397817,23.055467,31,5900
2020-04-26T23:39:52.000Z,117.40235,23.05805,31,5900
2020-04-26T23:40:15.000Z,117.404033,23.059017,31,5800
2020-04-26T23:40:52.000Z,117.406733,23.060617,31,5700
2020-04-26T23:41:16.000Z,117.408383,23.06165,31,5600
2020-04-26T23:41:40.000Z,117.410133,23.062683,31,5600
2020-04-26T23:42:03.000Z,117.41185,23.063783,31,5500
2020-04-26T23:43:03.000Z,117.416133,23.066533,31,5500
2020-04-26T23:43:51.000Z,117.419533,23.068617,31,5500
2020-04-26T23:44:27.000Z,117.422133,23.07025,31,5500
2020-04-26T23:45:15.000Z,117.425667,23.072467,32,5600
2020-04-26T23:45:51.000Z,117.428283,23.0741,32,5500
2020-04-26T23:46:15.000Z,117.430017,23.075183,32,5500
2020-04-26T23:46:51.000Z,117.43255,23.076767,32,5500
2020-04-26T23:47:39.000Z,117.436083,23.078967,32,5500
2020-04-26T23:48:03.000Z,117.437817,23.08005,32,5500
2020-04-26T23:48:27.000Z,117.439567,23.081167,32,5500
2020-04-26T23:49:04.000Z,117.442167,23.082767,32,5500
2020-04-26T23:49:39.000Z,117.444767,23.0844,32,5600
2020-04-26T23:50:27.000Z,117.448233,23.086567,32,5600
2020-04-26T23:51:40.000Z,117.453433,23.089783,32,5500
2020-04-26T23:52:04.000Z,117.455233,23.090917,32,5500
2020-04-26T23:52:27.000Z,117.456883,23.09195,32,5600
2020-04-26T23:53:04.000Z,117.459567,23.093617,32,5500
2020-04-26T23:53:27.000Z,117.461233,23.094667,32,5500
2020-04-26T23:53:51.000Z,117.462967,23.09575,32,5500
2020-04-26T23:54:27.000Z,117.4655,23.097333,32,5500
2020-04-26T23:55:16.000Z,117.469033,23.09955,32,5500
2020-04-26T23:55:51.000Z,117.47165,23.101167,32,5500
2020-04-26T23:56:28.000Z,117.47425,23.102817,32,5500
2020-04-26T23:56:52.000Z,117.475983,23.1039,32,5500
2020-04-26T23:57:22.000Z,117.478217,23.105317000000007,32,5500
2020-04-26T23:58:04.000Z,117.481267,23.1072,32,5600
2020-04-26T23:58:27.000Z,117.482933,23.10825,32,5500
2020-04-26T23:58:52.000Z,117.48475,23.109383,32,5500
2020-04-26T23:59:52.000Z,117.489083,23.112083,32,5500
2020-04-27T00:01:21.000Z,117.495067,23.11585,32,5500
2020-04-27T00:02:16.000Z,117.499467,23.118617,32,5500
2020-04-27T00:03:16.000Z,117.503767,23.121333,32,5500
2020-04-27T00:04:34.000Z,117.509283,23.124817,32,5500
2020-04-27T00:05:15.000Z,117.512317,23.126717000000006,32,5500
2020-04-27T00:06:40.000Z,117.518367,23.13055,32,5500
2020-04-27T00:07:28.000Z,117.521817,23.132733,32,5500
2020-04-27T00:10:45.000Z,117.536067,23.141717,32,5500
2020-04-27T00:11:15.000Z,117.538217,23.143083,32,5500
2020-04-27T00:11:51.000Z,117.54075,23.1447,32,5500
2020-04-27T00:12:39.000Z,117.544283,23.146917,32,5500
2020-04-27T00:13:03.000Z,117.546017,23.148033,32,5500
2020-04-27T00:13:50.000Z,117.549417,23.150183,32,5500
2020-04-27T00:14:28.000Z,117.552083,23.1519,32,5500
2020-04-27T00:14:58.000Z,117.554233,23.153267,32,5500
2020-04-27T00:15:27.000Z,117.5564,23.15465,32,5500
2020-04-27T00:16:04.000Z,117.559083,23.156317,32,5500
2020-04-27T00:16:39.000Z,117.561567,23.157883,32,5500
2020-04-27T00:17:04.000Z,117.563383,23.159033,32,5500
2020-04-27T00:18:15.000Z,117.568617,23.1624,32,5500
2020-04-27T00:18:39.000Z,117.57035,23.1635,32,5500
2020-04-27T00:19:39.000Z,117.57465,23.166233,32,5500
2020-04-27T00:20:04.000Z,117.576533,23.16745,32,5500
2020-04-27T00:20:28.000Z,117.578267,23.168567000000003,32,5500
2020-04-27T00:21:27.000Z,117.582567,23.171317,32,5500
2020-04-27T00:21:51.000Z,117.58425,23.1724,32,5500
2020-04-27T00:22:15.000Z,117.585983,23.173533,32,5400
2020-04-27T00:22:39.000Z,117.587783,23.174717,32,5500
2020-04-27T00:24:02.000Z,117.5948,23.1792,32,5500
2020-04-27T00:24:26.000Z,117.59655,23.180317,32,5500
2020-04-27T00:25:02.000Z,117.599167,23.182017,32,5400
2020-04-27T00:25:26.000Z,117.600917,23.18315,32,5400
2020-04-27T00:25:51.000Z,117.601783,23.183717,32,5400
2020-04-27T00:26:44.000Z,117.6066,23.1868,32,5500
2020-04-27T00:27:14.000Z,117.608717,23.188167,32,5500
2020-04-27T00:27:40.000Z,117.609733,23.188833,32,5400
2020-04-27T00:29:52.000Z,117.618383,23.194467000000003,32,5400
2020-04-27T00:31:39.000Z,117.627167,23.200133,32,5500
2020-04-27T00:32:04.000Z,117.628917,23.201267,32,5500
2020-04-27T00:33:51.000Z,117.636783,23.206433,32,5400
2020-04-27T00:34:52.000Z,117.641217,23.209283,32,5500
2020-04-27T00:35:28.000Z,117.644017,23.210967,33,5600
2020-04-27T00:35:52.000Z,117.64585,23.212033,33,5700
2020-04-27T00:36:28.000Z,117.648617,23.213583,33,5800
2020-04-27T00:38:16.000Z,117.65725,23.2177,33,6300
2020-04-27T00:38:40.000Z,117.6592,23.218617,33,6300
2020-04-27T00:39:16.000Z,117.662083,23.219817000000006,33,6500
2020-04-27T00:40:16.000Z,117.667117,23.221833,32,6600
2020-04-27T00:40:52.000Z,117.670083,23.223000000000006,32,6600
2020-04-27T00:41:51.000Z,117.67495,23.224967000000003,33,6600
2020-04-27T00:42:40.000Z,117.67895,23.22655,33,6600
2020-04-27T00:43:21.000Z,117.682417,23.227967,33,6600
2020-04-27T00:43:45.000Z,117.6844,23.228767,33,6600
2020-04-27T00:44:09.000Z,117.686383,23.22955,33,6600
2020-04-27T00:44:40.000Z,117.68885,23.230533,33,6600
2020-04-27T00:45:15.000Z,117.691817,23.231767,32,6500
2020-04-27T00:45:51.000Z,117.694683,23.2331,32,6300
2020-04-27T00:46:33.000Z,117.6979,23.234733,32,6000
2020-04-27T00:47:22.000Z,117.7017,23.236783,32,5900
2020-04-27T00:47:45.000Z,117.703483,23.237733,32,5900
2020-04-27T00:48:09.000Z,117.705433,23.2388,32,5900
2020-04-27T00:48:33.000Z,117.7073,23.239817,32,5900
2020-04-27T00:49:03.000Z,117.7096,23.241117000000006,32,5900
2020-04-27T00:50:28.000Z,117.716217,23.244717,33,5900
2020-04-27T00:51:57.000Z,117.723,23.248417,33,5900
2020-04-27T00:54:09.000Z,117.7334,23.254117,33,5900
2020-04-27T00:54:51.000Z,117.736567,23.255867,33,5900
2020-04-27T00:55:28.000Z,117.739517,23.257517,33,5900
2020-04-27T00:56:03.000Z,117.74225,23.259,33,5900
2020-04-27T00:56:50.000Z,117.745917,23.261,33,5900
2020-04-27T00:57:28.000Z,117.748816,23.262583,33,5900
2020-04-27T00:58:16.000Z,117.75265,23.264683,33,5900
2020-04-27T00:58:40.000Z,117.754483,23.2657,33,5900
2020-04-27T00:59:16.000Z,117.757267,23.267217,33,5900
2020-04-27T00:59:40.000Z,117.759067,23.268183,32,5900
2020-04-27T01:00:28.000Z,117.762817,23.270233,33,5900
2020-04-27T01:01:27.000Z,117.767467,23.272833,33,5900
2020-04-27T01:02:16.000Z,117.771233,23.274883,33,5900
2020-04-27T01:03:15.000Z,117.775933,23.27745,33,5900
2020-04-27T01:03:51.000Z,117.77875,23.27895,33,6000
2020-04-27T01:04:40.000Z,117.7826,23.280983,33,6000
2020-04-27T01:05:15.000Z,117.785283,23.282417,33,6000
2020-04-27T01:05:40.000Z,117.787233,23.2836,33,5700
2020-04-27T01:06:04.000Z,117.789017,23.284733,33,5500
2020-04-27T01:07:40.000Z,117.795833,23.289583,33,5000
2020-04-27T01:08:15.000Z,117.798333,23.29155,33,4900
2020-04-27T01:08:52.000Z,117.800817,23.293533,33,4900
2020-04-27T01:09:15.000Z,117.802467,23.29485,33,4900
2020-04-27T01:09:39.000Z,117.804133,23.296183,33,4900
2020-04-27T01:10:04.000Z,117.805817,23.2975,33,4900
2020-04-27T01:10:52.000Z,117.809233,23.300167,33,4900
2020-04-27T01:11:15.000Z,117.810817,23.301417,33,4900
2020-04-27T01:11:51.000Z,117.813333,23.303417,33,4900
2020-04-27T01:12:16.000Z,117.815,23.304733,33,4900
2020-04-27T01:12:52.000Z,117.817533,23.3067,33,5000
2020-04-27T01:14:03.000Z,117.82275,23.310367000000006,33,5200
2020-04-27T01:14:39.000Z,117.825317,23.312083,33,5300
2020-04-27T01:15:15.000Z,117.827967,23.3139,33,5300
2020-04-27T01:15:46.000Z,117.830233,23.315483,33,5300
2020-04-27T01:17:15.000Z,117.836867,23.320017,33,5300
2020-04-27T01:18:28.000Z,117.842217,23.32365,33,5300
2020-04-27T01:18:52.000Z,117.843983,23.324867,33,5300
2020-04-27T01:19:28.000Z,117.84665,23.3267,33,5300
2020-04-27T01:20:04.000Z,117.8492,23.32845,33,5300
2020-04-27T01:20:28.000Z,117.850933,23.329667,33,5300
2020-04-27T01:21:04.000Z,117.853717,23.331483,33,5400
2020-04-27T01:21:28.000Z,117.85555,23.332633,33,5500
2020-04-27T01:23:40.000Z,117.86585,23.338583,33,5800
2020-04-27T01:24:04.000Z,117.867717,23.339667,33,5800
2020-04-27T01:24:39.000Z,117.87045,23.341233,33,5800
2020-04-27T01:25:00.000Z,117.871883,23.342017,33,5800
2020-04-27T01:25:57.000Z,117.876417,23.344917,33,5400
2020-04-27T01:26:39.000Z,117.87955,23.347017,33,5400
2020-04-27T01:27:15.000Z,117.8822,23.3488,33,5400
2020-04-27T01:27:40.000Z,117.884017,23.35,34,5400
2020-04-27T01:28:27.000Z,117.887667,23.3524,34,5400
2020-04-27T01:28:58.000Z,117.889983,23.353917000000006,33,5400
2020-04-27T01:29:27.000Z,117.892167,23.355367,33,5400
2020-04-27T01:30:09.000Z,117.8953,23.35745,33,5400
2020-04-27T01:30:52.000Z,117.898533,23.3596,34,5400
2020-04-27T01:31:27.000Z,117.901183,23.361333,34,5400
2020-04-27T01:32:27.000Z,117.905617,23.3642,33,5600
2020-04-27T01:32:52.000Z,117.907567,23.365317,33,5700
2020-04-27T01:35:52.000Z,117.921183,23.373667,32,5000
2020-04-27T01:36:40.000Z,117.9243,23.376317,33,4600
2020-04-27T01:37:04.000Z,117.92585,23.377833,33,4300
2020-04-27T01:37:28.000Z,117.927183,23.3793,32,4100
2020-04-27T01:37:52.000Z,117.92855,23.380817,32,3900
2020-04-27T01:38:21.000Z,117.930233,23.38275,32,3800
2020-04-27T01:39:04.000Z,117.932617,23.385583,32,3700
2020-04-27T01:39:34.000Z,117.934217,23.3875,33,3700
2020-04-27T01:40:16.000Z,117.936567,23.390267,33,3700
2020-04-27T01:41:03.000Z,117.939233,23.39345,33,3700
2020-04-27T01:42:03.000Z,117.942583,23.397433,33,3700
2020-04-27T01:42:27.000Z,117.943933,23.399033,33,3700
2020-04-27T01:42:52.000Z,117.945283,23.40065,33,3700
2020-04-27T01:44:03.000Z,117.94935,23.405417,33,3800
2020-04-27T01:44:27.000Z,117.950717,23.407,33,3800
2020-04-27T01:45:03.000Z,117.95275,23.4094,33,3700
2020-04-27T01:45:34.000Z,117.954417,23.411417,33,3700
2020-04-27T01:46:10.000Z,117.9565,23.413883,33,3700
2020-04-27T01:46:34.000Z,117.957817,23.4154,33,3800
2020-04-27T01:47:04.000Z,117.959567,23.417467,33,3800
2020-04-27T01:47:39.000Z,117.96155,23.4198,33,3800
2020-04-27T01:48:51.000Z,117.966383,23.425467,33,3800
2020-04-27T01:49:16.000Z,117.967017,23.426183,33,3800
2020-04-27T01:49:39.000Z,117.968383,23.427783,33,3800
2020-04-27T01:50:09.000Z,117.9701,23.429783,33,3800
2020-04-27T01:50:33.000Z,117.971417,23.431333,33,3800
