timestamp,longitude,latitude,speed,direction
2019-01-01T00:07:42.000Z,35.646482,36.281508,23,1370
2019-01-01T00:07:42.000Z,35.646482,36.281508,23,1370
2019-01-01T00:07:42.000Z,35.646482,36.281508,23,1370
2019-01-01T00:11:42.000Z,35.651158,36.295082,23,1510
2019-01-01T00:11:42.000Z,35.651158,36.295082,23,1510
2019-01-01T00:11:42.000Z,35.651158,36.295082,23,1510
2019-01-01T00:14:02.000Z,35.653825,36.302907,23,1490
2019-01-01T00:14:02.000Z,35.653825,36.302907,23,1490
2019-01-01T00:14:02.000Z,35.653825,36.302907,23,1490
2019-01-01T00:26:42.000Z,35.66612999999999,36.346032,23,1070
2019-01-01T00:26:42.000Z,35.66612999999999,36.346032,23,1070
2019-01-01T00:26:42.000Z,35.66612999999999,36.346032,23,1070
2019-01-01T00:29:21.000Z,35.66763,36.35517,22,1270
2019-01-01T00:29:21.000Z,35.66763,36.35517,22,1270
2019-01-01T00:29:21.000Z,35.66763,36.35517,22,1270
2019-01-01T00:34:02.000Z,35.677087,36.368982,22,3720
2019-01-01T00:34:02.000Z,35.677087,36.368982,22,3720
2019-01-01T00:34:02.000Z,35.677087,36.368982,22,3720
2019-01-01T00:40:02.000Z,35.694497,36.383602,22,4660
2019-01-01T00:40:02.000Z,35.694497,36.383602,22,4660
2019-01-01T00:40:02.000Z,35.694497,36.383602,22,4660
2019-01-01T01:00:01.000Z,35.756823,36.42867,22,4980
2019-01-01T01:00:01.000Z,35.756823,36.42867,22,4980
2019-01-01T01:00:01.000Z,35.756823,36.42867,22,4980
2019-01-01T01:08:42.000Z,35.784888,36.448247,22,4800
2019-01-01T01:08:42.000Z,35.784888,36.448247,22,4800
2019-01-01T01:08:42.000Z,35.784888,36.448247,22,4800
2019-01-01T02:58:02.000Z,36.137028,36.673175,10,8080
2019-01-01T02:58:02.000Z,36.137028,36.673175,10,8080
2019-01-01T02:58:02.000Z,36.137028,36.673175,10,8080
2019-01-01T03:32:25.000Z,36.17163,36.67989,6,7300
2019-01-01T03:32:25.000Z,36.17163,36.67989,6,7300
2019-01-01T03:32:25.000Z,36.17163,36.67989,6,7300
2019-01-01T04:20:14.000Z,36.195382,36.683918,0,25370
2019-01-01T04:20:14.000Z,36.195382,36.683918,0,25370
2019-01-01T04:20:14.000Z,36.195382,36.683918,0,25370
2019-01-01T04:26:14.000Z,36.195372,36.683917,0,20820
2019-01-01T04:26:14.000Z,36.195372,36.683917,0,20820
2019-01-01T04:26:14.000Z,36.195372,36.683917,0,20820
2019-01-01T04:32:14.000Z,36.195365,36.683915,0,24590
2019-01-01T04:32:14.000Z,36.195365,36.683915,0,24590
2019-01-01T04:32:14.000Z,36.195365,36.683915,0,24590
2019-01-01T04:38:14.000Z,36.195358,36.683915,0,25870
2019-01-01T04:38:14.000Z,36.195358,36.683915,0,25870
2019-01-01T04:38:14.000Z,36.195358,36.683915,0,25870
2019-01-01T04:44:15.000Z,36.19535,36.683915,0,21940
2019-01-01T04:44:15.000Z,36.19535,36.683915,0,21940
2019-01-01T04:44:15.000Z,36.19535,36.683915,0,21940
2019-01-01T04:50:14.000Z,36.195347,36.683917,0,22710
2019-01-01T04:50:14.000Z,36.195347,36.683917,0,22710
2019-01-01T04:50:14.000Z,36.195347,36.683917,0,22710
2019-01-01T04:56:15.000Z,36.195343,36.683915,0,22120
2019-01-01T04:56:15.000Z,36.195343,36.683915,0,22120
2019-01-01T04:56:15.000Z,36.195343,36.683915,0,22120
2019-01-01T05:02:16.000Z,36.195342,36.683917,0,17840
2019-01-01T05:02:16.000Z,36.195342,36.683917,0,17840
2019-01-01T05:02:16.000Z,36.195342,36.683917,0,17840
2019-01-01T05:08:14.000Z,36.195338,36.683917,0,19840
2019-01-01T05:08:14.000Z,36.195338,36.683917,0,19840
2019-01-01T05:08:14.000Z,36.195338,36.683917,0,19840
2019-01-01T05:14:15.000Z,36.195337,36.683917,0,19100
2019-01-01T05:14:15.000Z,36.195337,36.683917,0,19100
2019-01-01T05:14:15.000Z,36.195337,36.683917,0,19100
2019-01-01T05:26:15.000Z,36.195335,36.683915,0,17580
2019-01-01T05:26:15.000Z,36.195335,36.683915,0,17580
2019-01-01T05:26:15.000Z,36.195335,36.683915,0,17580
2019-01-01T05:32:15.000Z,36.195332,36.683915,0,18410
2019-01-01T05:32:15.000Z,36.195332,36.683915,0,18410
2019-01-01T05:32:15.000Z,36.195332,36.683915,0,18410
2019-01-01T05:38:16.000Z,36.195332,36.683915,0,15800
2019-01-01T05:38:16.000Z,36.195332,36.683915,0,15800
2019-01-01T05:38:16.000Z,36.195332,36.683915,0,15800
2019-01-01T05:44:15.000Z,36.195332,36.683913,0,18220
2019-01-01T05:44:15.000Z,36.195332,36.683913,0,18220
2019-01-01T05:44:15.000Z,36.195332,36.683913,0,18220
2019-01-01T05:50:15.000Z,36.195332,36.683913,0,21370
2019-01-01T05:50:15.000Z,36.195332,36.683913,0,21370
2019-01-01T05:50:15.000Z,36.195332,36.683913,0,21370
2019-01-01T05:56:15.000Z,36.19533,36.683913,0,18190
2019-01-01T05:56:15.000Z,36.19533,36.683913,0,18190
2019-01-01T05:56:15.000Z,36.19533,36.683913,0,18190
2019-01-01T06:08:15.000Z,36.195328,36.68391,0,16800
2019-01-01T06:08:15.000Z,36.195328,36.68391,0,16800
2019-01-01T06:08:15.000Z,36.195328,36.68391,0,16800
2019-01-01T06:14:15.000Z,36.19533,36.68391,0,18000
2019-01-01T06:14:15.000Z,36.19533,36.68391,0,18000
2019-01-01T06:14:15.000Z,36.19533,36.68391,0,18000
2019-01-01T06:26:15.000Z,36.195327,36.683913,0,19350
2019-01-01T06:26:15.000Z,36.195327,36.683913,0,19350
2019-01-01T06:26:15.000Z,36.195327,36.683913,0,19350
2019-01-01T06:32:16.000Z,36.195327,36.683913,0,18220
2019-01-01T06:32:16.000Z,36.195327,36.683913,0,18220
2019-01-01T06:32:16.000Z,36.195327,36.683913,0,18220
2019-01-01T06:38:15.000Z,36.195327,36.683913,0,17440
2019-01-01T06:38:15.000Z,36.195327,36.683913,0,17440
2019-01-01T06:38:15.000Z,36.195327,36.683913,0,17440
2019-01-01T06:44:15.000Z,36.195327,36.683912,0,19300
2019-01-01T06:44:15.000Z,36.195327,36.683912,0,19300
2019-01-01T06:44:15.000Z,36.195327,36.683912,0,19300
2019-01-01T06:56:15.000Z,36.195322,36.683913,0,18710
2019-01-01T06:56:15.000Z,36.195322,36.683913,0,18710
2019-01-01T06:56:15.000Z,36.195322,36.683913,0,18710
2019-01-01T07:02:16.000Z,36.19532,36.683913,0,18990
2019-01-01T07:02:16.000Z,36.19532,36.683913,0,18990
2019-01-01T07:02:16.000Z,36.19532,36.683913,0,18990
2019-01-01T07:08:15.000Z,36.195323,36.683913,0,16930
2019-01-01T07:08:15.000Z,36.195323,36.683913,0,16930
2019-01-01T07:08:15.000Z,36.195323,36.683913,0,16930
2019-01-01T07:20:16.000Z,36.195323,36.683913,0,18500
2019-01-01T07:20:16.000Z,36.195323,36.683913,0,18500
2019-01-01T07:20:16.000Z,36.195323,36.683913,0,18500
2019-01-01T07:26:16.000Z,36.195322,36.683913,0,19150
2019-01-01T07:26:16.000Z,36.195322,36.683913,0,19150
2019-01-01T07:26:16.000Z,36.195322,36.683913,0,19150
2019-01-01T07:32:16.000Z,36.195317,36.683913,0,18030
2019-01-01T07:32:16.000Z,36.195317,36.683913,0,18030
2019-01-01T07:32:16.000Z,36.195317,36.683913,0,18030
2019-01-01T07:38:16.000Z,36.195317,36.683913,0,17260
2019-01-01T07:38:16.000Z,36.195317,36.683913,0,17260
2019-01-01T07:38:16.000Z,36.195317,36.683913,0,17260
2019-01-01T07:44:16.000Z,36.195317,36.683913,0,19090
2019-01-01T07:44:16.000Z,36.195317,36.683913,0,19090
2019-01-01T07:44:16.000Z,36.195317,36.683913,0,19090
2019-01-01T07:50:16.000Z,36.195317,36.683912,0,18190
2019-01-01T07:50:16.000Z,36.195317,36.683912,0,18190
2019-01-01T07:50:16.000Z,36.195317,36.683912,0,18190
2019-01-01T07:56:16.000Z,36.195317,36.683912,0,19260
2019-01-01T07:56:16.000Z,36.195317,36.683912,0,19260
2019-01-01T07:56:16.000Z,36.195317,36.683912,0,19260
2019-01-01T08:02:17.000Z,36.19532,36.683912,0,17270
2019-01-01T08:02:17.000Z,36.19532,36.683912,0,17270
2019-01-01T08:02:17.000Z,36.19532,36.683912,0,17270
2019-01-01T08:08:16.000Z,36.195323,36.68391,0,17110
2019-01-01T08:08:16.000Z,36.195323,36.68391,0,17110
2019-01-01T08:08:16.000Z,36.195323,36.68391,0,17110
2019-01-01T08:14:16.000Z,36.195325,36.683912,0,17430
2019-01-01T08:14:16.000Z,36.195325,36.683912,0,17430
2019-01-01T08:14:16.000Z,36.195325,36.683912,0,17430
2019-01-01T08:20:16.000Z,36.195325,36.683913,0,20110
2019-01-01T08:20:16.000Z,36.195325,36.683913,0,20110
2019-01-01T08:20:16.000Z,36.195325,36.683913,0,20110
2019-01-01T08:26:17.000Z,36.195322,36.683915,0,17590
2019-01-01T08:26:17.000Z,36.195322,36.683915,0,17590
2019-01-01T08:26:17.000Z,36.195322,36.683915,0,17590
2019-01-01T08:32:16.000Z,36.195322,36.683917,0,18690
2019-01-01T08:32:16.000Z,36.195322,36.683917,0,18690
2019-01-01T08:32:16.000Z,36.195322,36.683917,0,18690
2019-01-01T08:38:16.000Z,36.195322,36.683918,0,16290
2019-01-01T08:38:16.000Z,36.195322,36.683918,0,16290
2019-01-01T08:38:16.000Z,36.195322,36.683918,0,16290
2019-01-01T08:50:17.000Z,36.195323,36.683918,0,18390
2019-01-01T08:50:17.000Z,36.195323,36.683918,0,18390
2019-01-01T08:50:17.000Z,36.195323,36.683918,0,18390
2019-01-01T08:56:16.000Z,36.195323,36.683918,0,19570
2019-01-01T08:56:16.000Z,36.195323,36.683918,0,19570
2019-01-01T08:56:16.000Z,36.195323,36.683918,0,19570
2019-01-01T09:02:17.000Z,36.195325,36.683917,0,16730
2019-01-01T09:02:17.000Z,36.195325,36.683917,0,16730
2019-01-01T09:02:17.000Z,36.195325,36.683917,0,16730
2019-01-01T09:08:17.000Z,36.195323,36.683915,0,19230
2019-01-01T09:08:17.000Z,36.195323,36.683915,0,19230
2019-01-01T09:08:17.000Z,36.195323,36.683915,0,19230
2019-01-01T09:14:17.000Z,36.195323,36.683912,0,17320
2019-01-01T09:14:17.000Z,36.195323,36.683912,0,17320
2019-01-01T09:14:17.000Z,36.195323,36.683912,0,17320
2019-01-01T09:20:17.000Z,36.195322,36.683912,0,19800
2019-01-01T09:20:17.000Z,36.195322,36.683912,0,19800
2019-01-01T09:20:17.000Z,36.195322,36.683912,0,19800
2019-01-01T09:26:17.000Z,36.19532,36.68391,0,18370
2019-01-01T09:26:17.000Z,36.19532,36.68391,0,18370
2019-01-01T09:26:17.000Z,36.19532,36.68391,0,18370
2019-01-01T09:32:17.000Z,36.195317,36.68391,0,17540
2019-01-01T09:32:17.000Z,36.195317,36.68391,0,17540
2019-01-01T09:32:17.000Z,36.195317,36.68391,0,17540
2019-01-01T09:38:17.000Z,36.19532,36.68391,0,16210
2019-01-01T09:38:17.000Z,36.19532,36.68391,0,16210
2019-01-01T09:38:17.000Z,36.19532,36.68391,0,16210
2019-01-01T09:44:17.000Z,36.19532,36.68391,0,17600
2019-01-01T09:44:17.000Z,36.19532,36.68391,0,17600
2019-01-01T09:44:17.000Z,36.19532,36.68391,0,17600
2019-01-01T09:50:17.000Z,36.195322,36.683908,0,18630
2019-01-01T09:50:17.000Z,36.195322,36.683908,0,18630
2019-01-01T09:50:17.000Z,36.195322,36.683908,0,18630
2019-01-01T09:56:17.000Z,36.195322,36.683908,0,17140
2019-01-01T09:56:17.000Z,36.195322,36.683908,0,17140
2019-01-01T09:56:17.000Z,36.195322,36.683908,0,17140
2019-01-01T10:02:17.000Z,36.195323,36.683907,0,18480
2019-01-01T10:02:17.000Z,36.195323,36.683907,0,18480
2019-01-01T10:02:17.000Z,36.195323,36.683907,0,18480
2019-01-01T10:08:18.000Z,36.195323,36.683908,0,16790
2019-01-01T10:08:18.000Z,36.195323,36.683908,0,16790
2019-01-01T10:08:18.000Z,36.195323,36.683908,0,16790
2019-01-01T10:14:17.000Z,36.195325,36.683908,0,17430
2019-01-01T10:14:17.000Z,36.195325,36.683908,0,17430
2019-01-01T10:14:17.000Z,36.195325,36.683908,0,17430
2019-01-01T10:20:17.000Z,36.195323,36.68391,0,19110
2019-01-01T10:20:17.000Z,36.195323,36.68391,0,19110
2019-01-01T10:20:17.000Z,36.195323,36.68391,0,19110
2019-01-01T10:26:18.000Z,36.195322,36.68391,0,18440
2019-01-01T10:26:18.000Z,36.195322,36.68391,0,18440
2019-01-01T10:26:18.000Z,36.195322,36.68391,0,18440
2019-01-01T10:32:17.000Z,36.19532,36.68391,0,19530
2019-01-01T10:32:17.000Z,36.19532,36.68391,0,19530
2019-01-01T10:32:17.000Z,36.19532,36.68391,0,19530
2019-01-01T10:38:18.000Z,36.195317,36.68391,0,21740
2019-01-01T10:38:18.000Z,36.195317,36.68391,0,21740
2019-01-01T10:38:18.000Z,36.195317,36.68391,0,21740
2019-01-01T10:44:17.000Z,36.195317,36.68391,0,16960
2019-01-01T10:44:17.000Z,36.195317,36.68391,0,16960
2019-01-01T10:44:17.000Z,36.195317,36.68391,0,16960
2019-01-01T10:50:17.000Z,36.195317,36.683908,0,19810
2019-01-01T10:50:17.000Z,36.195317,36.683908,0,19810
2019-01-01T10:50:17.000Z,36.195317,36.683908,0,19810
2019-01-01T10:56:18.000Z,36.195317,36.683907,0,17790
2019-01-01T10:56:18.000Z,36.195317,36.683907,0,17790
2019-01-01T10:56:18.000Z,36.195317,36.683907,0,17790
2019-01-01T11:02:18.000Z,36.195317,36.683907,0,16970
2019-01-01T11:02:18.000Z,36.195317,36.683907,0,16970
2019-01-01T11:02:18.000Z,36.195317,36.683907,0,16970
2019-01-01T11:08:18.000Z,36.195317,36.683908,0,17450
2019-01-01T11:08:18.000Z,36.195317,36.683908,0,17450
2019-01-01T11:08:18.000Z,36.195317,36.683908,0,17450
2019-01-01T11:14:19.000Z,36.195317,36.683907,0,18010
2019-01-01T11:14:19.000Z,36.195317,36.683907,0,18010
2019-01-01T11:14:19.000Z,36.195317,36.683907,0,18010
2019-01-01T11:20:18.000Z,36.195317,36.683907,0,16430
2019-01-01T11:20:18.000Z,36.195317,36.683907,0,16430
2019-01-01T11:20:18.000Z,36.195317,36.683907,0,16430
2019-01-01T11:26:18.000Z,36.19532,36.683903,0,17790
2019-01-01T11:26:18.000Z,36.19532,36.683903,0,17790
2019-01-01T11:26:18.000Z,36.19532,36.683903,0,17790
2019-01-01T11:32:18.000Z,36.19532,36.683903,0,18670
2019-01-01T11:32:18.000Z,36.19532,36.683903,0,18670
2019-01-01T11:32:18.000Z,36.19532,36.683903,0,18670
2019-01-01T11:38:18.000Z,36.195317,36.683903,0,16860
2019-01-01T11:38:18.000Z,36.195317,36.683903,0,16860
2019-01-01T11:38:18.000Z,36.195317,36.683903,0,16860
2019-01-01T11:44:18.000Z,36.19532,36.683903,0,19990
2019-01-01T11:44:18.000Z,36.19532,36.683903,0,19990
2019-01-01T11:44:18.000Z,36.19532,36.683903,0,19990
2019-01-01T11:50:18.000Z,36.195322,36.683908,0,14700
2019-01-01T11:50:18.000Z,36.195322,36.683908,0,14700
2019-01-01T11:50:18.000Z,36.195322,36.683908,0,14700
2019-01-01T11:56:19.000Z,36.195323,36.68391,0,17700
2019-01-01T11:56:19.000Z,36.195323,36.68391,0,17700
2019-01-01T11:56:19.000Z,36.195323,36.68391,0,17700
2019-01-01T12:02:18.000Z,36.195317,36.683907,0,18680
2019-01-01T12:02:18.000Z,36.195317,36.683907,0,18680
2019-01-01T12:02:18.000Z,36.195317,36.683907,0,18680
2019-01-01T12:08:19.000Z,36.195317,36.683907,0,18600
2019-01-01T12:08:19.000Z,36.195317,36.683907,0,18600
2019-01-01T12:08:19.000Z,36.195317,36.683907,0,18600
2019-01-01T12:14:18.000Z,36.195317,36.683903,0,18030
2019-01-01T12:14:18.000Z,36.195317,36.683903,0,18030
2019-01-01T12:14:18.000Z,36.195317,36.683903,0,18030
2019-01-01T12:20:19.000Z,36.195317,36.683903,0,18310
2019-01-01T12:20:19.000Z,36.195317,36.683903,0,18310
2019-01-01T12:20:19.000Z,36.195317,36.683903,0,18310
2019-01-01T12:26:19.000Z,36.195317,36.683902,0,15420
2019-01-01T12:26:19.000Z,36.195317,36.683902,0,15420
2019-01-01T12:26:19.000Z,36.195317,36.683902,0,15420
2019-01-01T12:32:20.000Z,36.195317,36.683903,0,17900
2019-01-01T12:32:20.000Z,36.195317,36.683903,0,17900
2019-01-01T12:32:20.000Z,36.195317,36.683903,0,17900
2019-01-01T12:38:18.000Z,36.19532,36.683902,0,18490
2019-01-01T12:38:18.000Z,36.19532,36.683902,0,18490
2019-01-01T12:38:18.000Z,36.19532,36.683902,0,18490
2019-01-01T12:44:19.000Z,36.19532,36.683902,0,19210
2019-01-01T12:44:19.000Z,36.19532,36.683902,0,19210
2019-01-01T12:44:19.000Z,36.19532,36.683902,0,19210
2019-01-01T12:50:19.000Z,36.19532,36.683903,0,21750
2019-01-01T12:50:19.000Z,36.19532,36.683903,0,21750
2019-01-01T12:50:19.000Z,36.19532,36.683903,0,21750
2019-01-01T12:56:19.000Z,36.195317,36.683903,0,17850
2019-01-01T12:56:19.000Z,36.195317,36.683903,0,17850
2019-01-01T12:56:19.000Z,36.195317,36.683903,0,17850
2019-01-01T13:02:19.000Z,36.195317,36.683903,0,19540
2019-01-01T13:02:19.000Z,36.195317,36.683903,0,19540
2019-01-01T13:02:19.000Z,36.195317,36.683903,0,19540
2019-01-01T13:08:19.000Z,36.19532,36.683903,0,14010
2019-01-01T13:08:19.000Z,36.19532,36.683903,0,14010
2019-01-01T13:08:19.000Z,36.19532,36.683903,0,14010
2019-01-01T13:14:19.000Z,36.19532,36.683903,0,18850
2019-01-01T13:14:19.000Z,36.19532,36.683903,0,18850
2019-01-01T13:14:19.000Z,36.19532,36.683903,0,18850
2019-01-01T13:20:19.000Z,36.195322,36.683903,0,16270
2019-01-01T13:20:19.000Z,36.195322,36.683903,0,16270
2019-01-01T13:20:19.000Z,36.195322,36.683903,0,16270
2019-01-01T13:26:19.000Z,36.195325,36.683902,0,17030
2019-01-01T13:26:19.000Z,36.195325,36.683902,0,17030
2019-01-01T13:26:19.000Z,36.195325,36.683902,0,17030
2019-01-01T13:32:19.000Z,36.195325,36.6839,0,19110
2019-01-01T13:32:19.000Z,36.195325,36.6839,0,19110
2019-01-01T13:32:19.000Z,36.195325,36.6839,0,19110
2019-01-01T13:38:19.000Z,36.195325,36.683898,0,18280
2019-01-01T13:38:19.000Z,36.195325,36.683898,0,18280
2019-01-01T13:38:19.000Z,36.195325,36.683898,0,18280
2019-01-01T13:44:19.000Z,36.195327,36.683898,0,17800
2019-01-01T13:44:19.000Z,36.195327,36.683898,0,17800
2019-01-01T13:44:19.000Z,36.195327,36.683898,0,17800
2019-01-01T13:50:19.000Z,36.195327,36.683897,0,17850
2019-01-01T13:50:19.000Z,36.195327,36.683897,0,17850
2019-01-01T13:50:19.000Z,36.195327,36.683897,0,17850
2019-01-01T13:56:19.000Z,36.195328,36.683895,0,18230
2019-01-01T13:56:19.000Z,36.195328,36.683895,0,18230
2019-01-01T13:56:19.000Z,36.195328,36.683895,0,18230
2019-01-01T14:02:19.000Z,36.19533,36.683893,0,16680
2019-01-01T14:02:19.000Z,36.19533,36.683893,0,16680
2019-01-01T14:02:19.000Z,36.19533,36.683893,0,16680
2019-01-01T14:08:19.000Z,36.195328,36.683892,0,18950
2019-01-01T14:08:19.000Z,36.195328,36.683892,0,18950
2019-01-01T14:08:19.000Z,36.195328,36.683892,0,18950
2019-01-01T14:14:19.000Z,36.195328,36.683892,0,18120
2019-01-01T14:14:19.000Z,36.195328,36.683892,0,18120
2019-01-01T14:14:19.000Z,36.195328,36.683892,0,18120
2019-01-01T14:32:20.000Z,36.195325,36.683895,0,17700
2019-01-01T14:32:20.000Z,36.195325,36.683895,0,17700
2019-01-01T14:32:20.000Z,36.195325,36.683895,0,17700
2019-01-01T14:38:20.000Z,36.195323,36.683897,0,20930
2019-01-01T14:38:20.000Z,36.195323,36.683897,0,20930
2019-01-01T14:38:20.000Z,36.195323,36.683897,0,20930
2019-01-01T14:44:20.000Z,36.195323,36.683897,0,16970
2019-01-01T14:44:20.000Z,36.195323,36.683897,0,16970
2019-01-01T14:44:20.000Z,36.195323,36.683897,0,16970
2019-01-01T14:50:20.000Z,36.195322,36.683898,0,17640
2019-01-01T14:50:20.000Z,36.195322,36.683898,0,17640
2019-01-01T14:50:20.000Z,36.195322,36.683898,0,17640
2019-01-01T14:56:20.000Z,36.19532,36.6839,0,18090
2019-01-01T14:56:20.000Z,36.19532,36.6839,0,18090
2019-01-01T14:56:20.000Z,36.19532,36.6839,0,18090
2019-01-01T15:02:20.000Z,36.19532,36.6839,0,16090
2019-01-01T15:02:20.000Z,36.19532,36.6839,0,16090
2019-01-01T15:02:20.000Z,36.19532,36.6839,0,16090
2019-01-01T15:08:20.000Z,36.195322,36.683902,0,17080
2019-01-01T15:08:20.000Z,36.195322,36.683902,0,17080
2019-01-01T15:08:20.000Z,36.195322,36.683902,0,17080
2019-01-01T15:14:20.000Z,36.19532,36.683902,0,19050
2019-01-01T15:14:20.000Z,36.19532,36.683902,0,19050
2019-01-01T15:14:20.000Z,36.19532,36.683902,0,19050
2019-01-01T15:20:20.000Z,36.195317,36.683903,0,19220
2019-01-01T15:20:20.000Z,36.195317,36.683903,0,19220
2019-01-01T15:20:20.000Z,36.195317,36.683903,0,19220
2019-01-01T15:26:20.000Z,36.195317,36.683903,0,20170
2019-01-01T15:26:20.000Z,36.195317,36.683903,0,20170
2019-01-01T15:26:20.000Z,36.195317,36.683903,0,20170
2019-01-01T15:32:20.000Z,36.195315,36.683903,0,18990
2019-01-01T15:32:20.000Z,36.195315,36.683903,0,18990
2019-01-01T15:32:20.000Z,36.195315,36.683903,0,18990
2019-01-01T15:38:20.000Z,36.195317,36.683903,0,18150
2019-01-01T15:38:20.000Z,36.195317,36.683903,0,18150
2019-01-01T15:38:20.000Z,36.195317,36.683903,0,18150
2019-01-01T15:44:20.000Z,36.195315,36.683903,0,16910
2019-01-01T15:44:20.000Z,36.195315,36.683903,0,16910
2019-01-01T15:44:20.000Z,36.195315,36.683903,0,16910
2019-01-01T15:50:20.000Z,36.195315,36.683908,0,20950
2019-01-01T15:50:20.000Z,36.195315,36.683908,0,20950
2019-01-01T15:50:20.000Z,36.195315,36.683908,0,20950
2019-01-01T15:56:20.000Z,36.195315,36.683908,0,19000
2019-01-01T15:56:20.000Z,36.195315,36.683908,0,19000
2019-01-01T15:56:20.000Z,36.195315,36.683908,0,19000
2019-01-01T16:02:21.000Z,36.195315,36.683908,0,22030
2019-01-01T16:02:21.000Z,36.195315,36.683908,0,22030
2019-01-01T16:02:21.000Z,36.195315,36.683908,0,22030
2019-01-01T16:08:20.000Z,36.195313,36.68391,0,18170
2019-01-01T16:08:20.000Z,36.195313,36.68391,0,18170
2019-01-01T16:08:20.000Z,36.195313,36.68391,0,18170
2019-01-01T16:14:21.000Z,36.195313,36.68391,0,17400
2019-01-01T16:14:21.000Z,36.195313,36.68391,0,17400
2019-01-01T16:14:21.000Z,36.195313,36.68391,0,17400
2019-01-01T16:20:21.000Z,36.195317,36.683912,0,15810
2019-01-01T16:20:21.000Z,36.195317,36.683912,0,15810
2019-01-01T16:20:21.000Z,36.195317,36.683912,0,15810
2019-01-01T16:32:20.000Z,36.195317,36.683913,0,18020
2019-01-01T16:32:20.000Z,36.195317,36.683913,0,18020
2019-01-01T16:32:20.000Z,36.195317,36.683913,0,18020
2019-01-01T16:38:21.000Z,36.195317,36.683913,0,17880
2019-01-01T16:38:21.000Z,36.195317,36.683913,0,17880
2019-01-01T16:38:21.000Z,36.195317,36.683913,0,17880
2019-01-01T16:44:20.000Z,36.19532,36.683912,0,19640
2019-01-01T16:44:20.000Z,36.19532,36.683912,0,19640
2019-01-01T16:44:20.000Z,36.19532,36.683912,0,19640
2019-01-01T16:50:21.000Z,36.195322,36.683912,0,19480
2019-01-01T16:50:21.000Z,36.195322,36.683912,0,19480
2019-01-01T16:50:21.000Z,36.195322,36.683912,0,19480
2019-01-01T16:56:21.000Z,36.19532,36.68391,0,19370
2019-01-01T16:56:21.000Z,36.19532,36.68391,0,19370
2019-01-01T16:56:21.000Z,36.19532,36.68391,0,19370
2019-01-01T18:02:21.000Z,36.19531,36.683915,0,19000
2019-01-01T18:02:21.000Z,36.19531,36.683915,0,19000
2019-01-01T18:02:21.000Z,36.19531,36.683915,0,19000
2019-01-01T18:08:21.000Z,36.19531,36.683915,0,18410
2019-01-01T18:08:21.000Z,36.19531,36.683915,0,18410
2019-01-01T18:08:21.000Z,36.19531,36.683915,0,18410
2019-01-01T18:14:21.000Z,36.19531,36.683915,0,18510
2019-01-01T18:14:21.000Z,36.19531,36.683915,0,18510
2019-01-01T18:14:21.000Z,36.19531,36.683915,0,18510
2019-01-01T18:20:22.000Z,36.195308,36.683915,0,17960
2019-01-01T18:20:22.000Z,36.195308,36.683915,0,17960
2019-01-01T18:20:22.000Z,36.195308,36.683915,0,17960
2019-01-01T18:26:22.000Z,36.19531,36.683913,0,18030
2019-01-01T18:26:22.000Z,36.19531,36.683913,0,18030
2019-01-01T18:26:22.000Z,36.19531,36.683913,0,18030
2019-01-01T18:32:22.000Z,36.19531,36.683912,0,20340
2019-01-01T18:32:22.000Z,36.19531,36.683912,0,20340
2019-01-01T18:32:22.000Z,36.19531,36.683912,0,20340
2019-01-01T20:26:23.000Z,36.195317,36.683895,0,18270
2019-01-01T20:26:23.000Z,36.195317,36.683895,0,18270
2019-01-01T20:26:23.000Z,36.195317,36.683895,0,18270
2019-01-01T20:32:23.000Z,36.195317,36.683895,0,18580
2019-01-01T20:32:23.000Z,36.195317,36.683895,0,18580
2019-01-01T20:32:23.000Z,36.195317,36.683895,0,18580
2019-01-01T22:05:24.000Z,36.195325,36.683902,0,16470
2019-01-01T22:05:24.000Z,36.195325,36.683902,0,16470
2019-01-01T22:05:24.000Z,36.195325,36.683902,0,16470
2019-01-01T22:11:24.000Z,36.195323,36.683902,0,21490
2019-01-01T22:11:24.000Z,36.195323,36.683902,0,21490
2019-01-01T22:11:24.000Z,36.195323,36.683902,0,21490
2019-01-01T22:17:24.000Z,36.19532,36.683903,0,18550
2019-01-01T22:17:24.000Z,36.19532,36.683903,0,18550
2019-01-01T22:17:24.000Z,36.19532,36.683903,0,18550
2019-01-01T22:23:24.000Z,36.19532,36.683902,0,20340
2019-01-01T22:23:24.000Z,36.19532,36.683902,0,20340
2019-01-01T22:23:24.000Z,36.19532,36.683902,0,20340
2019-01-01T22:29:24.000Z,36.195317,36.683903,0,17280
2019-01-01T22:29:24.000Z,36.195317,36.683903,0,17280
2019-01-01T22:29:24.000Z,36.195317,36.683903,0,17280
2019-01-01T22:35:24.000Z,36.195317,36.683903,0,18350
2019-01-01T22:35:24.000Z,36.195317,36.683903,0,18350
2019-01-01T22:35:24.000Z,36.195317,36.683903,0,18350
2019-01-01T22:41:24.000Z,36.195317,36.683902,0,19440
2019-01-01T22:41:24.000Z,36.195317,36.683902,0,19440
2019-01-01T22:41:24.000Z,36.195317,36.683902,0,19440
2019-01-01T22:47:24.000Z,36.195317,36.683902,0,17290
2019-01-01T22:47:24.000Z,36.195317,36.683902,0,17290
2019-01-01T22:47:24.000Z,36.195317,36.683902,0,17290
2019-01-01T22:53:24.000Z,36.195317,36.683903,0,17640
2019-01-01T22:53:24.000Z,36.195317,36.683903,0,17640
2019-01-01T22:53:24.000Z,36.195317,36.683903,0,17640
2019-01-01T23:05:24.000Z,36.195317,36.68391,0,19310
2019-01-01T23:05:24.000Z,36.195317,36.68391,0,19310
2019-01-01T23:05:24.000Z,36.195317,36.68391,0,19310
2019-01-01T23:11:24.000Z,36.19532,36.68391,0,17790
2019-01-01T23:11:24.000Z,36.19532,36.68391,0,17790
2019-01-01T23:11:24.000Z,36.19532,36.68391,0,17790
2019-01-01T23:17:24.000Z,36.195317,36.68391,0,18430
2019-01-01T23:17:24.000Z,36.195317,36.68391,0,18430
2019-01-01T23:17:24.000Z,36.195317,36.68391,0,18430
2019-01-01T23:23:25.000Z,36.195317,36.683908,0,17190
2019-01-01T23:23:25.000Z,36.195317,36.683908,0,17190
2019-01-01T23:23:25.000Z,36.195317,36.683908,0,17190
2019-01-01T23:29:25.000Z,36.195317,36.683907,0,17580
2019-01-01T23:29:25.000Z,36.195317,36.683907,0,17580
2019-01-01T23:29:25.000Z,36.195317,36.683907,0,17580
2019-01-01T23:35:24.000Z,36.195317,36.683903,0,18240
2019-01-01T23:35:24.000Z,36.195317,36.683903,0,18240
2019-01-01T23:35:24.000Z,36.195317,36.683903,0,18240
2019-01-01T23:41:24.000Z,36.195317,36.683903,0,17670
2019-01-01T23:41:24.000Z,36.195317,36.683903,0,17670
2019-01-01T23:41:24.000Z,36.195317,36.683903,0,17670
2019-01-01T23:47:24.000Z,36.195317,36.683903,0,17280
2019-01-01T23:47:24.000Z,36.195317,36.683903,0,17280
2019-01-01T23:47:24.000Z,36.195317,36.683903,0,17280
2019-01-01T23:53:25.000Z,36.195317,36.683903,0,20550
2019-01-01T23:53:25.000Z,36.195317,36.683903,0,20550
2019-01-01T23:53:25.000Z,36.195317,36.683903,0,20550
2019-01-02T00:08:25.000Z,36.195317,36.6839,0,18550
2019-01-02T00:08:25.000Z,36.195317,36.6839,0,18550
2019-01-02T00:08:25.000Z,36.195317,36.6839,0,18550
2019-01-02T00:14:25.000Z,36.195317,36.683897,0,20800
2019-01-02T00:14:25.000Z,36.195317,36.683897,0,20800
2019-01-02T00:14:25.000Z,36.195317,36.683897,0,20800
2019-01-02T00:20:25.000Z,36.195317,36.683897,0,18340
2019-01-02T00:20:25.000Z,36.195317,36.683897,0,18340
2019-01-02T00:20:25.000Z,36.195317,36.683897,0,18340
2019-01-02T00:26:25.000Z,36.195317,36.683897,0,18580
2019-01-02T00:26:25.000Z,36.195317,36.683897,0,18580
2019-01-02T00:26:25.000Z,36.195317,36.683897,0,18580
2019-01-02T00:32:25.000Z,36.195317,36.683897,0,15800
2019-01-02T00:32:25.000Z,36.195317,36.683897,0,15800
2019-01-02T00:32:25.000Z,36.195317,36.683897,0,15800
2019-01-02T00:44:25.000Z,36.195317,36.683895,0,17070
2019-01-02T00:44:25.000Z,36.195317,36.683895,0,17070
2019-01-02T00:44:25.000Z,36.195317,36.683895,0,17070
2019-01-02T01:08:25.000Z,36.195317,36.683888,0,20160
2019-01-02T01:08:25.000Z,36.195317,36.683888,0,20160
2019-01-02T01:08:25.000Z,36.195317,36.683888,0,20160
2019-01-02T01:20:25.000Z,36.19532,36.683888,0,16850
2019-01-02T01:20:25.000Z,36.19532,36.683888,0,16850
2019-01-02T01:20:25.000Z,36.19532,36.683888,0,16850
2019-01-02T01:25:55.000Z,36.195,36.68333300000001,0,18400
2019-01-02T01:25:55.000Z,36.195,36.68333300000001,0,18400
2019-01-02T01:25:55.000Z,36.195,36.68333300000001,0,18400
2019-01-02T02:29:26.000Z,36.19532,36.683898,0,19160
2019-01-02T02:29:26.000Z,36.19532,36.683898,0,19160
2019-01-02T02:29:26.000Z,36.19532,36.683898,0,19160
2019-01-02T02:35:26.000Z,36.195317,36.683897,0,19900
2019-01-02T02:35:26.000Z,36.195317,36.683897,0,19900
2019-01-02T02:35:26.000Z,36.195317,36.683897,0,19900
2019-01-02T02:41:26.000Z,36.195315,36.683897,0,20810
2019-01-02T02:41:26.000Z,36.195315,36.683897,0,20810
2019-01-02T02:41:26.000Z,36.195315,36.683897,0,20810
2019-01-02T02:56:27.000Z,36.195315,36.683902,0,18020
2019-01-02T02:56:27.000Z,36.195315,36.683902,0,18020
2019-01-02T02:56:27.000Z,36.195315,36.683902,0,18020
2019-01-02T03:08:26.000Z,36.195317,36.6839,0,17250
2019-01-02T03:08:26.000Z,36.195317,36.6839,0,17250
2019-01-02T03:08:26.000Z,36.195317,36.6839,0,17250
2019-01-02T03:14:26.000Z,36.195317,36.6839,0,18000
2019-01-02T03:14:26.000Z,36.195317,36.6839,0,18000
2019-01-02T03:14:26.000Z,36.195317,36.6839,0,18000
2019-01-02T03:20:26.000Z,36.195317,36.6839,0,18620
2019-01-02T03:20:26.000Z,36.195317,36.6839,0,18620
2019-01-02T03:20:26.000Z,36.195317,36.6839,0,18620
2019-01-02T03:26:26.000Z,36.195317,36.6839,0,17060
2019-01-02T03:26:26.000Z,36.195317,36.6839,0,17060
2019-01-02T03:26:26.000Z,36.195317,36.6839,0,17060
2019-01-02T03:32:26.000Z,36.195317,36.683902,0,17530
2019-01-02T03:32:26.000Z,36.195317,36.683902,0,17530
2019-01-02T03:32:26.000Z,36.195317,36.683902,0,17530
2019-01-02T03:38:27.000Z,36.19532,36.683903,0,15240
2019-01-02T03:38:27.000Z,36.19532,36.683903,0,15240
2019-01-02T03:38:27.000Z,36.19532,36.683903,0,15240
2019-01-02T03:44:27.000Z,36.195323,36.683903,0,11490
2019-01-02T03:44:27.000Z,36.195323,36.683903,0,11490
2019-01-02T03:44:27.000Z,36.195323,36.683903,0,11490
2019-01-02T04:26:27.000Z,36.195325,36.683912,0,15620
2019-01-02T04:26:27.000Z,36.195325,36.683912,0,15620
2019-01-02T04:26:27.000Z,36.195325,36.683912,0,15620
2019-01-02T04:53:28.000Z,36.195323,36.683907,0,17520
2019-01-02T04:53:28.000Z,36.195323,36.683907,0,17520
2019-01-02T04:53:28.000Z,36.195323,36.683907,0,17520
2019-01-02T05:05:27.000Z,36.195323,36.683907,0,18750
2019-01-02T05:05:27.000Z,36.195323,36.683907,0,18750
2019-01-02T05:05:27.000Z,36.195323,36.683907,0,18750
2019-01-02T05:11:28.000Z,36.195325,36.683907,0,18280
2019-01-02T05:11:28.000Z,36.195325,36.683907,0,18280
2019-01-02T05:11:28.000Z,36.195325,36.683907,0,18280
2019-01-02T05:26:27.000Z,36.195322,36.683907,0,20080
2019-01-02T05:26:27.000Z,36.195322,36.683907,0,20080
2019-01-02T05:26:27.000Z,36.195322,36.683907,0,20080
2019-01-02T05:38:28.000Z,36.19532,36.683907,0,19470
2019-01-02T05:38:28.000Z,36.19532,36.683907,0,19470
2019-01-02T05:38:28.000Z,36.19532,36.683907,0,19470
2019-01-02T05:50:28.000Z,36.195317,36.683907,0,18830
2019-01-02T05:50:28.000Z,36.195317,36.683907,0,18830
2019-01-02T05:50:28.000Z,36.195317,36.683907,0,18830
2019-01-02T06:14:28.000Z,36.19532,36.683902,0,17630
2019-01-02T06:14:28.000Z,36.19532,36.683902,0,17630
2019-01-02T06:14:28.000Z,36.19532,36.683902,0,17630
2019-01-02T06:20:28.000Z,36.19532,36.683902,0,17450
2019-01-02T06:20:28.000Z,36.19532,36.683902,0,17450
2019-01-02T06:20:28.000Z,36.19532,36.683902,0,17450
2019-01-02T06:26:28.000Z,36.19532,36.683903,0,19340
2019-01-02T06:26:28.000Z,36.19532,36.683903,0,19340
2019-01-02T06:26:28.000Z,36.19532,36.683903,0,19340
2019-01-02T06:32:28.000Z,36.195317,36.683902,0,19680
2019-01-02T06:32:28.000Z,36.195317,36.683902,0,19680
2019-01-02T06:32:28.000Z,36.195317,36.683902,0,19680
2019-01-02T06:38:28.000Z,36.195317,36.6839,0,18180
2019-01-02T06:38:28.000Z,36.195317,36.6839,0,18180
2019-01-02T06:38:28.000Z,36.195317,36.6839,0,18180
2019-01-02T06:44:28.000Z,36.195317,36.683898,0,17700
2019-01-02T06:44:28.000Z,36.195317,36.683898,0,17700
2019-01-02T06:44:28.000Z,36.195317,36.683898,0,17700
2019-01-02T06:50:28.000Z,36.195317,36.6839,0,19920
2019-01-02T06:50:28.000Z,36.195317,36.6839,0,19920
2019-01-02T06:50:28.000Z,36.195317,36.6839,0,19920
2019-01-02T07:11:28.000Z,36.195315,36.683903,0,17910
2019-01-02T07:11:28.000Z,36.195315,36.683903,0,17910
2019-01-02T07:11:28.000Z,36.195315,36.683903,0,17910
2019-01-02T08:17:29.000Z,36.195317,36.683908,0,17460
2019-01-02T08:17:29.000Z,36.195317,36.683908,0,17460
2019-01-02T08:17:29.000Z,36.195317,36.683908,0,17460
2019-01-02T08:35:29.000Z,36.195317,36.683912,0,15860
2019-01-02T08:35:29.000Z,36.195317,36.683912,0,15860
2019-01-02T08:35:29.000Z,36.195317,36.683912,0,15860
2019-01-02T08:47:29.000Z,36.195317,36.683913,0,16990
2019-01-02T08:47:29.000Z,36.195317,36.683913,0,16990
2019-01-02T08:47:29.000Z,36.195317,36.683913,0,16990
2019-01-02T08:53:29.000Z,36.195317,36.683915,0,18630
2019-01-02T08:53:29.000Z,36.195317,36.683915,0,18630
2019-01-02T08:53:29.000Z,36.195317,36.683915,0,18630
2019-01-02T09:14:30.000Z,36.19532,36.683912,0,18510
2019-01-02T09:14:30.000Z,36.19532,36.683912,0,18510
2019-01-02T09:14:30.000Z,36.19532,36.683912,0,18510
2019-01-02T09:32:30.000Z,36.195322,36.683913,0,18450
2019-01-02T09:32:30.000Z,36.195322,36.683913,0,18450
2019-01-02T09:32:30.000Z,36.195322,36.683913,0,18450
2019-01-02T09:44:30.000Z,36.195323,36.68391,0,15710
2019-01-02T09:44:30.000Z,36.195323,36.68391,0,15710
2019-01-02T09:44:30.000Z,36.195323,36.68391,0,15710
2019-01-02T09:50:30.000Z,36.195327,36.683912,0,17900
2019-01-02T09:50:30.000Z,36.195327,36.683912,0,17900
2019-01-02T09:50:30.000Z,36.195327,36.683912,0,17900
2019-01-02T10:14:30.000Z,36.195327,36.683907,0,18080
2019-01-02T10:14:30.000Z,36.195327,36.683907,0,18080
2019-01-02T10:14:30.000Z,36.195327,36.683907,0,18080
2019-01-02T10:26:30.000Z,36.195327,36.683903,0,17390
2019-01-02T10:26:30.000Z,36.195327,36.683903,0,17390
2019-01-02T10:26:30.000Z,36.195327,36.683903,0,17390
2019-01-02T10:38:30.000Z,36.195327,36.683902,0,16910
2019-01-02T10:38:30.000Z,36.195327,36.683902,0,16910
2019-01-02T10:38:30.000Z,36.195327,36.683902,0,16910
2019-01-02T11:08:31.000Z,36.195332,36.683895,0,18190
2019-01-02T11:08:31.000Z,36.195332,36.683895,0,18190
2019-01-02T11:08:31.000Z,36.195332,36.683895,0,18190
2019-01-02T11:32:31.000Z,36.195337,36.683895,0,20090
2019-01-02T11:32:31.000Z,36.195337,36.683895,0,20090
2019-01-02T11:32:31.000Z,36.195337,36.683895,0,20090
2019-01-02T11:44:31.000Z,36.195335,36.6839,0,18220
2019-01-02T11:44:31.000Z,36.195335,36.6839,0,18220
2019-01-02T11:44:31.000Z,36.195335,36.6839,0,18220
2019-01-02T12:02:31.000Z,36.195332,36.683903,0,19000
2019-01-02T12:02:31.000Z,36.195332,36.683903,0,19000
2019-01-02T12:02:31.000Z,36.195332,36.683903,0,19000
2019-01-02T12:14:31.000Z,36.195325,36.683898,0,17640
2019-01-02T12:14:31.000Z,36.195325,36.683898,0,17640
2019-01-02T12:14:31.000Z,36.195325,36.683898,0,17640
2019-01-02T12:26:31.000Z,36.19533,36.683903,0,9190
2019-01-02T12:26:31.000Z,36.19533,36.683903,0,9190
2019-01-02T12:26:31.000Z,36.19533,36.683903,0,9190
2019-01-02T12:38:31.000Z,36.195328,36.683903,0,16870
2019-01-02T12:38:31.000Z,36.195328,36.683903,0,16870
2019-01-02T12:38:31.000Z,36.195328,36.683903,0,16870
2019-01-02T12:56:32.000Z,36.195327,36.683908,0,17860
2019-01-02T12:56:32.000Z,36.195327,36.683908,0,17860
2019-01-02T12:56:32.000Z,36.195327,36.683908,0,17860
2019-01-02T13:08:32.000Z,36.195325,36.683908,0,19150
2019-01-02T13:08:32.000Z,36.195325,36.683908,0,19150
2019-01-02T13:08:32.000Z,36.195325,36.683908,0,19150
2019-01-02T13:26:32.000Z,36.195323,36.68391,0,9510
2019-01-02T13:26:32.000Z,36.195323,36.68391,0,9510
2019-01-02T13:26:32.000Z,36.195323,36.68391,0,9510
2019-01-02T13:32:32.000Z,36.195325,36.68391,0,18490
2019-01-02T13:32:32.000Z,36.195325,36.68391,0,18490
2019-01-02T13:32:32.000Z,36.195325,36.68391,0,18490
2019-01-02T13:50:32.000Z,36.195322,36.683912,0,19870
2019-01-02T13:50:32.000Z,36.195322,36.683912,0,19870
2019-01-02T13:50:32.000Z,36.195322,36.683912,0,19870
2019-01-02T14:08:32.000Z,36.195317,36.683917,0,21010
2019-01-02T14:08:32.000Z,36.195317,36.683917,0,21010
2019-01-02T14:08:32.000Z,36.195317,36.683917,0,21010
2019-01-02T14:20:33.000Z,36.195317,36.683918,0,19090
2019-01-02T14:20:33.000Z,36.195317,36.683918,0,19090
2019-01-02T14:20:33.000Z,36.195317,36.683918,0,19090
2019-01-02T14:38:33.000Z,36.195315,36.683918,0,17980
2019-01-02T14:38:33.000Z,36.195315,36.683918,0,17980
2019-01-02T14:38:33.000Z,36.195315,36.683918,0,17980
2019-01-02T14:50:32.000Z,36.195315,36.683917,0,17880
2019-01-02T14:50:32.000Z,36.195315,36.683917,0,17880
2019-01-02T14:50:32.000Z,36.195315,36.683917,0,17880
2019-01-02T15:02:32.000Z,36.195315,36.683913,0,18600
2019-01-02T15:02:32.000Z,36.195315,36.683913,0,18600
2019-01-02T15:02:32.000Z,36.195315,36.683913,0,18600
2019-01-02T15:14:33.000Z,36.195313,36.68391,0,17770
2019-01-02T15:14:33.000Z,36.195313,36.68391,0,17770
2019-01-02T15:14:33.000Z,36.195313,36.68391,0,17770
2019-01-02T15:26:33.000Z,36.19531,36.68391,0,20160
2019-01-02T15:26:33.000Z,36.19531,36.68391,0,20160
2019-01-02T15:26:33.000Z,36.19531,36.68391,0,20160
2019-01-02T15:50:33.000Z,36.195312,36.683915,0,17810
2019-01-02T15:50:33.000Z,36.195312,36.683915,0,17810
2019-01-02T15:50:33.000Z,36.195312,36.683915,0,17810
2019-01-02T16:02:33.000Z,36.195312,36.683918,0,20000
2019-01-02T16:02:33.000Z,36.195312,36.683918,0,20000
2019-01-02T16:02:33.000Z,36.195312,36.683918,0,20000
2019-01-02T16:08:33.000Z,36.19531,36.683917,0,16880
2019-01-02T16:08:33.000Z,36.19531,36.683917,0,16880
2019-01-02T16:08:33.000Z,36.19531,36.683917,0,16880
2019-01-02T16:14:34.000Z,36.195312,36.683917,0,18600
2019-01-02T16:14:34.000Z,36.195312,36.683917,0,18600
2019-01-02T16:14:34.000Z,36.195312,36.683917,0,18600
2019-01-02T16:20:33.000Z,36.195313,36.683918,0,18070
2019-01-02T16:20:33.000Z,36.195313,36.683918,0,18070
2019-01-02T16:20:33.000Z,36.195313,36.683918,0,18070
2019-01-02T16:26:34.000Z,36.195313,36.683918,0,17680
2019-01-02T16:26:34.000Z,36.195313,36.683918,0,17680
2019-01-02T16:26:34.000Z,36.195313,36.683918,0,17680
2019-01-02T16:32:34.000Z,36.195315,36.683918,0,18280
2019-01-02T16:32:34.000Z,36.195315,36.683918,0,18280
2019-01-02T16:32:34.000Z,36.195315,36.683918,0,18280
2019-01-02T16:38:33.000Z,36.195313,36.683917,0,18350
2019-01-02T16:38:33.000Z,36.195313,36.683917,0,18350
2019-01-02T16:38:33.000Z,36.195313,36.683917,0,18350
2019-01-02T16:44:33.000Z,36.195313,36.683917,0,18230
2019-01-02T16:44:33.000Z,36.195313,36.683917,0,18230
2019-01-02T16:44:33.000Z,36.195313,36.683917,0,18230
2019-01-02T16:50:33.000Z,36.195313,36.683917,0,18120
2019-01-02T16:50:33.000Z,36.195313,36.683917,0,18120
2019-01-02T16:50:33.000Z,36.195313,36.683917,0,18120
2019-01-02T16:56:33.000Z,36.195317,36.683915,0,15020
2019-01-02T16:56:33.000Z,36.195317,36.683915,0,15020
2019-01-02T16:56:33.000Z,36.195317,36.683915,0,15020
2019-01-02T17:02:34.000Z,36.195317,36.683913,0,18070
2019-01-02T17:02:34.000Z,36.195317,36.683913,0,18070
2019-01-02T17:02:34.000Z,36.195317,36.683913,0,18070
2019-01-02T17:08:34.000Z,36.195317,36.683912,0,18330
2019-01-02T17:08:34.000Z,36.195317,36.683912,0,18330
2019-01-02T17:08:34.000Z,36.195317,36.683912,0,18330
2019-01-02T17:14:34.000Z,36.195317,36.68391,0,15570
2019-01-02T17:14:34.000Z,36.195317,36.68391,0,15570
2019-01-02T17:14:34.000Z,36.195317,36.68391,0,15570
2019-01-02T17:20:34.000Z,36.19532,36.683908,0,17590
2019-01-02T17:20:34.000Z,36.19532,36.683908,0,17590
2019-01-02T17:20:34.000Z,36.19532,36.683908,0,17590
2019-01-02T17:26:34.000Z,36.195323,36.683907,0,16320
2019-01-02T17:26:34.000Z,36.195323,36.683907,0,16320
2019-01-02T17:26:34.000Z,36.195323,36.683907,0,16320
2019-01-02T17:32:34.000Z,36.195323,36.683907,0,18600
2019-01-02T17:32:34.000Z,36.195323,36.683907,0,18600
2019-01-02T17:32:34.000Z,36.195323,36.683907,0,18600
2019-01-02T17:38:34.000Z,36.195323,36.683903,0,17470
2019-01-02T17:38:34.000Z,36.195323,36.683903,0,17470
2019-01-02T17:38:34.000Z,36.195323,36.683903,0,17470
2019-01-02T17:44:34.000Z,36.195323,36.683903,0,18010
2019-01-02T17:44:34.000Z,36.195323,36.683903,0,18010
2019-01-02T17:44:34.000Z,36.195323,36.683903,0,18010
2019-01-02T17:50:34.000Z,36.195323,36.683903,0,17190
2019-01-02T17:50:34.000Z,36.195323,36.683903,0,17190
2019-01-02T17:50:34.000Z,36.195323,36.683903,0,17190
2019-01-02T17:56:34.000Z,36.195325,36.683903,0,17040
2019-01-02T17:56:34.000Z,36.195325,36.683903,0,17040
2019-01-02T17:56:34.000Z,36.195325,36.683903,0,17040
2019-01-02T18:02:34.000Z,36.195327,36.683903,0,16100
2019-01-02T18:02:34.000Z,36.195327,36.683903,0,16100
2019-01-02T18:02:34.000Z,36.195327,36.683903,0,16100
2019-01-02T18:08:34.000Z,36.195327,36.683902,0,21960
2019-01-02T18:08:34.000Z,36.195327,36.683902,0,21960
2019-01-02T18:08:34.000Z,36.195327,36.683902,0,21960
2019-01-02T18:14:34.000Z,36.195325,36.683903,0,18400
2019-01-02T18:14:34.000Z,36.195325,36.683903,0,18400
2019-01-02T18:14:34.000Z,36.195325,36.683903,0,18400
2019-01-02T18:20:35.000Z,36.195325,36.683903,0,18200
2019-01-02T18:20:35.000Z,36.195325,36.683903,0,18200
2019-01-02T18:20:35.000Z,36.195325,36.683903,0,18200
2019-01-02T18:26:35.000Z,36.195325,36.683903,0,18730
2019-01-02T18:26:35.000Z,36.195325,36.683903,0,18730
2019-01-02T18:26:35.000Z,36.195325,36.683903,0,18730
2019-01-02T18:32:36.000Z,36.195325,36.683903,0,21440
2019-01-02T18:32:36.000Z,36.195325,36.683903,0,21440
2019-01-02T18:32:36.000Z,36.195325,36.683903,0,21440
2019-01-02T18:38:35.000Z,36.195322,36.683903,0,20180
2019-01-02T18:38:35.000Z,36.195322,36.683903,0,20180
2019-01-02T18:38:35.000Z,36.195322,36.683903,0,20180
2019-01-02T18:44:35.000Z,36.195322,36.683903,0,17820
2019-01-02T18:44:35.000Z,36.195322,36.683903,0,17820
2019-01-02T18:44:35.000Z,36.195322,36.683903,0,17820
2019-01-02T18:50:35.000Z,36.195322,36.683903,0,11560
2019-01-02T18:50:35.000Z,36.195322,36.683903,0,11560
2019-01-02T18:50:35.000Z,36.195322,36.683903,0,11560
2019-01-02T18:56:35.000Z,36.195322,36.683903,0,17910
2019-01-02T18:56:35.000Z,36.195322,36.683903,0,17910
2019-01-02T18:56:35.000Z,36.195322,36.683903,0,17910
2019-01-02T19:02:34.000Z,36.195322,36.683903,0,19130
2019-01-02T19:02:34.000Z,36.195322,36.683903,0,19130
2019-01-02T19:02:34.000Z,36.195322,36.683903,0,19130
2019-01-02T19:08:35.000Z,36.19532,36.683903,0,18760
2019-01-02T19:08:35.000Z,36.19532,36.683903,0,18760
2019-01-02T19:08:35.000Z,36.19532,36.683903,0,18760
2019-01-02T19:14:35.000Z,36.19532,36.683903,0,18510
2019-01-02T19:14:35.000Z,36.19532,36.683903,0,18510
2019-01-02T19:14:35.000Z,36.19532,36.683903,0,18510
2019-01-02T19:22:47.000Z,36.193797,36.68274,3,25220
2019-01-02T19:22:47.000Z,36.193797,36.68274,3,25220
2019-01-02T19:22:47.000Z,36.193797,36.68274,3,25220
2019-01-02T19:39:07.000Z,36.178605,36.679313,15,27150
2019-01-02T19:39:07.000Z,36.178605,36.679313,15,27150
2019-01-02T19:39:07.000Z,36.178605,36.679313,15,27150
2019-01-02T19:44:27.000Z,36.158948,36.679923,22,27240
2019-01-02T19:44:27.000Z,36.158948,36.679923,22,27240
2019-01-02T19:44:27.000Z,36.158948,36.679923,22,27240
2019-01-02T20:05:28.000Z,36.06775,36.679505,22,26840
2019-01-02T20:05:28.000Z,36.06775,36.679505,22,26840
2019-01-02T20:05:28.000Z,36.06775,36.679505,22,26840
2019-01-02T20:10:28.000Z,36.046688,36.67864,22,26100
2019-01-02T20:10:28.000Z,36.046688,36.67864,22,26100
2019-01-02T20:10:28.000Z,36.046688,36.67864,22,26100
2019-01-02T20:20:27.000Z,36.009983,36.66403,22,22930
2019-01-02T20:20:27.000Z,36.009983,36.66403,22,22930
2019-01-02T20:20:27.000Z,36.009983,36.66403,22,22930
2019-01-02T20:27:46.000Z,35.985807,36.647902,22,23100
2019-01-02T20:27:46.000Z,35.985807,36.647902,22,23100
2019-01-02T20:27:46.000Z,35.985807,36.647902,22,23100
2019-01-02T20:30:46.000Z,35.975797,36.641387,23,23120
2019-01-02T20:30:46.000Z,35.975797,36.641387,23,23120
2019-01-02T20:30:46.000Z,35.975797,36.641387,23,23120
2019-01-02T20:43:27.000Z,35.932648,36.613328,23,23090
2019-01-02T20:43:27.000Z,35.932648,36.613328,23,23090
2019-01-02T20:43:27.000Z,35.932648,36.613328,23,23090
2019-01-02T20:48:08.000Z,35.917295,36.602372,23,22420
2019-01-02T20:48:08.000Z,35.917295,36.602372,23,22420
2019-01-02T20:48:08.000Z,35.917295,36.602372,23,22420
2019-01-02T20:53:48.000Z,35.899527,36.588503,23,22630
2019-01-02T20:53:48.000Z,35.899527,36.588503,23,22630
2019-01-02T20:53:48.000Z,35.899527,36.588503,23,22630
2019-01-02T20:59:28.000Z,35.881268,36.57505,23,22840
2019-01-02T20:59:28.000Z,35.881268,36.57505,23,22840
2019-01-02T20:59:28.000Z,35.881268,36.57505,23,22840
2019-01-02T21:03:08.000Z,35.86966,36.566633,22,22940
2019-01-02T21:03:08.000Z,35.86966,36.566633,22,22940
2019-01-02T21:03:08.000Z,35.86966,36.566633,22,22940
2019-01-02T21:18:47.000Z,35.819692,36.53179,22,23030
2019-01-02T21:18:47.000Z,35.819692,36.53179,22,23030
2019-01-02T21:18:47.000Z,35.819692,36.53179,22,23030
2019-01-02T21:23:07.000Z,35.80586500000001,36.52249000000001,22,23020
2019-01-02T21:23:07.000Z,35.80586500000001,36.52249000000001,22,23020
2019-01-02T21:23:07.000Z,35.80586500000001,36.52249000000001,22,23020
2019-01-02T21:29:48.000Z,35.78507800000001,36.508153,21,22890
2019-01-02T21:29:48.000Z,35.78507800000001,36.508153,21,22890
2019-01-02T21:29:48.000Z,35.78507800000001,36.508153,21,22890
2019-01-02T21:31:48.000Z,35.778928,36.503857,21,22860
2019-01-02T21:31:48.000Z,35.778928,36.503857,21,22860
2019-01-02T21:31:48.000Z,35.778928,36.503857,21,22860
2019-01-02T22:41:18.000Z,35.558442,36.38787,21,29550
2019-01-02T22:41:18.000Z,35.558442,36.38787,21,29550
2019-01-02T22:41:18.000Z,35.558442,36.38787,21,29550
2019-01-02T22:46:17.000Z,35.540772,36.394977,21,29710
2019-01-02T22:46:17.000Z,35.540772,36.394977,21,29710
2019-01-02T22:46:17.000Z,35.540772,36.394977,21,29710
2019-01-02T22:51:18.000Z,35.52304,36.402608,21,29830
2019-01-02T22:51:18.000Z,35.52304,36.402608,21,29830
2019-01-02T22:51:18.000Z,35.52304,36.402608,21,29830
2019-01-02T22:52:18.000Z,35.519488,36.404178,22,29930
2019-01-02T22:52:18.000Z,35.519488,36.404178,22,29930
2019-01-02T22:52:18.000Z,35.519488,36.404178,22,29930
2019-01-02T22:55:54.000Z,35.505,36.408333,20,29200
2019-01-02T22:55:54.000Z,35.505,36.408333,20,29200
2019-01-02T22:55:54.000Z,35.505,36.408333,20,29200
2019-01-03T00:41:36.000Z,35.16574,36.53817,23,29500
2019-01-03T00:41:36.000Z,35.16574,36.53817,23,29500
2019-01-03T00:41:36.000Z,35.16574,36.53817,23,29500
2019-01-03T01:08:56.000Z,34.985365,36.598282,23,29750
2019-01-03T01:08:56.000Z,34.985365,36.598282,23,29750
2019-01-03T01:08:56.000Z,34.985365,36.598282,23,29750
2019-01-03T02:09:55.000Z,34.763432,36.696815,17,32210
2019-01-03T02:09:55.000Z,34.763432,36.696815,17,32210
2019-01-03T02:09:55.000Z,34.763432,36.696815,17,32210
2019-01-03T02:57:54.000Z,34.734983,36.73138,0,15800
2019-01-03T02:57:54.000Z,34.734983,36.73138,0,15800
2019-01-03T02:57:54.000Z,34.734983,36.73138,0,15800
2019-01-03T03:10:15.000Z,34.734825,36.731367,0,25330
2019-01-03T03:10:15.000Z,34.734825,36.731367,0,25330
2019-01-03T03:10:15.000Z,34.734825,36.731367,0,25330
2019-01-03T03:23:35.000Z,34.734753000000005,36.731473,0,28950
2019-01-03T03:23:35.000Z,34.734753000000005,36.731473,0,28950
2019-01-03T03:23:35.000Z,34.734753000000005,36.731473,0,28950
2019-01-03T03:42:14.000Z,34.734863,36.73138,0,25510
2019-01-03T03:42:14.000Z,34.734863,36.73138,0,25510
2019-01-03T03:42:14.000Z,34.734863,36.73138,0,25510
2019-01-03T03:52:15.000Z,34.734825,36.731412,0,19210
2019-01-03T03:52:15.000Z,34.734825,36.731412,0,19210
2019-01-03T03:52:15.000Z,34.734825,36.731412,0,19210
2019-01-03T04:02:14.000Z,34.734762,36.731453,0,32450
2019-01-03T04:02:14.000Z,34.734762,36.731453,0,32450
2019-01-03T04:02:14.000Z,34.734762,36.731453,0,32450
2019-01-03T04:08:35.000Z,34.734821999999994,36.73144,0,15430
2019-01-03T04:08:35.000Z,34.734821999999994,36.73144,0,15430
2019-01-03T04:08:35.000Z,34.734821999999994,36.73144,0,15430
2019-01-03T04:22:55.000Z,34.735667,36.731125,0,15340
2019-01-03T04:22:55.000Z,34.735667,36.731125,0,15340
2019-01-03T04:22:55.000Z,34.735667,36.731125,0,15340
2019-01-03T04:37:56.000Z,34.735383,36.73112,0,28600
2019-01-03T04:37:56.000Z,34.735383,36.73112,0,28600
2019-01-03T04:37:56.000Z,34.735383,36.73112,0,28600
2019-01-03T04:48:51.000Z,34.734865,36.73147700000001,0,19670
2019-01-03T04:48:51.000Z,34.734865,36.73147700000001,0,19670
2019-01-03T04:48:51.000Z,34.734865,36.73147700000001,0,19670
2019-01-03T05:06:51.000Z,34.734972,36.731355,0,23380
2019-01-03T05:06:51.000Z,34.734972,36.731355,0,23380
2019-01-03T05:06:51.000Z,34.734972,36.731355,0,23380
2019-01-03T05:18:51.000Z,34.73482,36.731585,0,10790
2019-01-03T05:18:51.000Z,34.73482,36.731585,0,10790
2019-01-03T05:18:51.000Z,34.73482,36.731585,0,10790
2019-01-03T05:30:52.000Z,34.734765,36.731598,0,20800
2019-01-03T05:30:52.000Z,34.734765,36.731598,0,20800
2019-01-03T05:30:52.000Z,34.734765,36.731598,0,20800
2019-01-03T05:42:51.000Z,34.73485,36.73158,0,15400
2019-01-03T05:42:51.000Z,34.73485,36.73158,0,15400
2019-01-03T05:42:51.000Z,34.73485,36.73158,0,15400
2019-01-03T05:54:51.000Z,34.734775,36.731478,0,20590
2019-01-03T05:54:51.000Z,34.734775,36.731478,0,20590
2019-01-03T05:54:51.000Z,34.734775,36.731478,0,20590
2019-01-03T06:21:52.000Z,34.734325,36.732662,0,35190
2019-01-03T06:21:52.000Z,34.734325,36.732662,0,35190
2019-01-03T06:21:52.000Z,34.734325,36.732662,0,35190
2019-01-03T06:39:52.000Z,34.734327,36.732967,0,35280
2019-01-03T06:39:52.000Z,34.734327,36.732967,0,35280
2019-01-03T06:39:52.000Z,34.734327,36.732967,0,35280
2019-01-03T06:57:52.000Z,34.734382000000004,36.73296,0,18170
2019-01-03T06:57:52.000Z,34.734382000000004,36.73296,0,18170
2019-01-03T06:57:52.000Z,34.734382000000004,36.73296,0,18170
2019-01-03T07:03:52.000Z,34.734318,36.73303,0,24250
2019-01-03T07:03:52.000Z,34.734318,36.73303,0,24250
2019-01-03T07:03:52.000Z,34.734318,36.73303,0,24250
2019-01-03T07:21:53.000Z,34.734396999999994,36.73336,0,25170
2019-01-03T07:21:53.000Z,34.734396999999994,36.73336,0,25170
2019-01-03T07:21:53.000Z,34.734396999999994,36.73336,0,25170
2019-01-03T08:30:53.000Z,34.734278,36.733225,0,18890
2019-01-03T08:30:53.000Z,34.734278,36.733225,0,18890
2019-01-03T08:30:53.000Z,34.734278,36.733225,0,18890
2019-01-03T08:54:53.000Z,34.734292,36.733232,0,17530
2019-01-03T08:54:53.000Z,34.734292,36.733232,0,17530
2019-01-03T08:54:53.000Z,34.734292,36.733232,0,17530
2019-01-03T09:12:54.000Z,34.734387,36.733435,0,20310
2019-01-03T09:12:54.000Z,34.734387,36.733435,0,20310
2019-01-03T09:12:54.000Z,34.734387,36.733435,0,20310
2019-01-03T13:33:56.000Z,34.734513,36.733595,0,18880
2019-01-03T13:33:56.000Z,34.734513,36.733595,0,18880
2019-01-03T13:33:56.000Z,34.734513,36.733595,0,18880
2019-01-03T15:58:00.000Z,34.734207,36.732815,0,20010
2019-01-03T15:58:00.000Z,34.734207,36.732815,0,20010
2019-01-03T15:58:00.000Z,34.734207,36.732815,0,20010
2019-01-03T16:28:01.000Z,34.734322,36.732887,0,19370
2019-01-03T16:28:01.000Z,34.734322,36.732887,0,19370
2019-01-03T16:28:01.000Z,34.734322,36.732887,0,19370
2019-01-03T17:04:01.000Z,34.734255,36.732073,0,12720
2019-01-03T17:04:01.000Z,34.734255,36.732073,0,12720
2019-01-03T17:04:01.000Z,34.734255,36.732073,0,12720
2019-01-03T17:40:00.000Z,34.734287,36.732002,0,13760
2019-01-03T17:40:00.000Z,34.734287,36.732002,0,13760
2019-01-03T17:40:00.000Z,34.734287,36.732002,0,13760
2019-01-03T18:10:01.000Z,34.734192,36.732158,0,14500
2019-01-03T18:10:01.000Z,34.734192,36.732158,0,14500
2019-01-03T18:10:01.000Z,34.734192,36.732158,0,14500
2019-01-03T18:46:01.000Z,34.734173,36.732307,0,16970
2019-01-03T18:46:01.000Z,34.734173,36.732307,0,16970
2019-01-03T18:46:01.000Z,34.734173,36.732307,0,16970
2019-01-03T19:16:02.000Z,34.734215,36.732162,0,28950
2019-01-03T19:16:02.000Z,34.734215,36.732162,0,28950
2019-01-03T19:16:02.000Z,34.734215,36.732162,0,28950
2019-01-03T19:46:02.000Z,34.734285,36.732007,0,19250
2019-01-03T19:46:02.000Z,34.734285,36.732007,0,19250
2019-01-03T19:46:02.000Z,34.734285,36.732007,0,19250
2019-01-03T20:16:02.000Z,34.734765,36.731513,0,11760
2019-01-03T20:16:02.000Z,34.734765,36.731513,0,11760
2019-01-03T20:16:02.000Z,34.734765,36.731513,0,11760
2019-01-03T20:52:02.000Z,34.734542,36.731527,0,14370
2019-01-03T20:52:02.000Z,34.734542,36.731527,0,14370
2019-01-03T20:52:02.000Z,34.734542,36.731527,0,14370
2019-01-03T21:22:03.000Z,34.734153000000006,36.73218,0,32200
2019-01-03T21:22:03.000Z,34.734153000000006,36.73218,0,32200
2019-01-03T21:22:03.000Z,34.734153000000006,36.73218,0,32200
2019-01-03T21:52:03.000Z,34.734247,36.731947,0,14210
2019-01-03T21:52:03.000Z,34.734247,36.731947,0,14210
2019-01-03T21:52:03.000Z,34.734247,36.731947,0,14210
2019-01-03T22:28:03.000Z,34.734045,36.732455,0,33070
2019-01-03T22:28:03.000Z,34.734045,36.732455,0,33070
2019-01-03T22:28:03.000Z,34.734045,36.732455,0,33070
2019-01-03T22:58:03.000Z,34.734057,36.732478,0,12830
2019-01-03T22:58:03.000Z,34.734057,36.732478,0,12830
2019-01-03T22:58:03.000Z,34.734057,36.732478,0,12830
2019-01-03T23:28:04.000Z,34.734588,36.733648,0,31480
2019-01-03T23:28:04.000Z,34.734588,36.733648,0,31480
2019-01-03T23:28:04.000Z,34.734588,36.733648,0,31480
2019-01-03T23:37:52.000Z,34.733333,36.731667,0,19000
2019-01-03T23:37:52.000Z,34.733333,36.731667,0,19000
2019-01-03T23:37:52.000Z,34.733333,36.731667,0,19000
2019-01-03T23:43:52.000Z,34.733333,36.731667,0,17800
2019-01-03T23:43:52.000Z,34.733333,36.731667,0,17800
2019-01-03T23:43:52.000Z,34.733333,36.731667,0,17800
2019-01-03T23:58:04.000Z,34.733983,36.732917,0,18890
2019-01-03T23:58:04.000Z,34.733983,36.732917,0,18890
2019-01-03T23:58:04.000Z,34.733983,36.732917,0,18890
2019-01-04T00:34:04.000Z,34.734095,36.733292,0,32520
2019-01-04T00:34:04.000Z,34.734095,36.733292,0,32520
2019-01-04T00:34:04.000Z,34.734095,36.733292,0,32520
2019-01-04T02:10:47.000Z,34.640685,36.799345,0,32420
2019-01-04T02:10:47.000Z,34.640685,36.799345,0,32420
2019-01-04T02:10:47.000Z,34.640685,36.799345,0,32420
2019-01-04T02:46:48.000Z,34.640633,36.799412,0,16570
2019-01-04T02:46:48.000Z,34.640633,36.799412,0,16570
2019-01-04T03:22:48.000Z,34.640643,36.79942,0,17850
2019-01-04T03:22:48.000Z,34.640643,36.79942,0,17850
2019-01-04T03:58:48.000Z,34.640652,36.799408,0,16210
2019-01-04T03:58:48.000Z,34.640652,36.799408,0,16210
2019-01-04T04:28:48.000Z,34.640667,36.799407,0,16160
2019-01-04T04:28:48.000Z,34.640667,36.799407,0,16160
2019-01-04T04:58:49.000Z,34.640652,36.799417,0,22340
2019-01-04T04:58:49.000Z,34.640652,36.799417,0,22340
2019-01-04T06:19:50.000Z,34.640632000000004,36.799438,0,15080
2019-01-04T06:19:50.000Z,34.640632000000004,36.799438,0,15080
2019-01-04T06:58:50.000Z,34.640643,36.799428000000006,0,15550
2019-01-04T06:58:50.000Z,34.640643,36.799428000000006,0,15550
2019-01-04T10:25:53.000Z,34.640632000000004,36.799423,0,17010
2019-01-04T10:25:53.000Z,34.640632000000004,36.799423,0,17010
2019-01-04T10:37:52.000Z,34.640628,36.799423,0,15520
2019-01-04T10:37:52.000Z,34.640628,36.799423,0,15520
2019-01-04T10:43:52.000Z,34.640628,36.799423,0,17240
2019-01-04T10:43:52.000Z,34.640628,36.799423,0,17240
