timestamp,longitude,latitude,speed,direction
2019-04-01T00:00:17.000Z,76.244907,5.8548800000000005,27,24930
2019-04-01T00:00:17.000Z,76.244907,5.8548800000000005,27,24930
2019-04-01T00:00:17.000Z,76.244907,5.8548800000000005,27,24930
2019-04-01T00:08:24.000Z,76.213973,5.843013,27,24890
2019-04-01T00:08:24.000Z,76.213973,5.843013,27,24890
2019-04-01T00:08:24.000Z,76.213973,5.843013,27,24890
2019-04-01T00:12:24.000Z,76.19848,5.83752,27,25030
2019-04-01T00:12:24.000Z,76.19848,5.83752,27,25030
2019-04-01T00:12:24.000Z,76.19848,5.83752,27,25030
2019-04-01T01:46:01.000Z,75.83250699999998,5.711013,28,25070
2019-04-01T01:46:01.000Z,75.83250699999998,5.711013,28,25070
2019-04-01T01:46:01.000Z,75.83250699999998,5.711013,28,25070
2019-04-01T02:30:02.000Z,75.656152,5.650183,28,25080
2019-04-01T02:30:02.000Z,75.656152,5.650183,28,25080
2019-04-01T02:30:02.000Z,75.656152,5.650183,28,25080
2019-04-01T02:30:32.000Z,75.654038,5.6494620000000015,28,25110
2019-04-01T02:30:32.000Z,75.654038,5.6494620000000015,28,25110
2019-04-01T02:30:32.000Z,75.654038,5.6494620000000015,28,25110
2019-04-01T06:25:08.000Z,74.717493,5.314587,29,25110
2019-04-01T06:25:08.000Z,74.717493,5.314587,29,25110
2019-04-01T06:25:08.000Z,74.717493,5.314587,29,25110
2019-04-01T06:31:42.000Z,74.689013,5.30496,29,25100
2019-04-01T06:31:42.000Z,74.689013,5.30496,29,25100
2019-04-01T06:31:42.000Z,74.689013,5.30496,29,25100
2019-04-01T06:36:01.000Z,74.67088000000003,5.298907,29,25130
2019-04-01T06:36:01.000Z,74.67088000000003,5.298907,29,25130
2019-04-01T06:36:01.000Z,74.67088000000003,5.298907,29,25130
2019-04-01T06:59:33.000Z,74.573173,5.267005,29,25220
2019-04-01T06:59:33.000Z,74.573173,5.267005,29,25220
2019-04-01T06:59:33.000Z,74.573173,5.267005,29,25220
2019-04-01T07:14:26.000Z,74.510667,5.246773,29,25250
2019-04-01T07:14:26.000Z,74.510667,5.246773,29,25250
2019-04-01T07:14:26.000Z,74.510667,5.246773,29,25250
2019-04-01T09:49:09.000Z,73.875093,5.022347,29,25290
2019-04-01T09:49:09.000Z,73.875093,5.022347,29,25290
2019-04-01T09:49:09.000Z,73.875093,5.022347,29,25290
2019-04-01T11:17:24.000Z,73.508853,4.8912,29,25090
2019-04-01T11:17:24.000Z,73.508853,4.8912,29,25090
2019-04-01T11:17:24.000Z,73.508853,4.8912,29,25090
2019-04-01T11:34:57.000Z,73.432427,4.8646400000000005,30,25020
2019-04-01T11:34:57.000Z,73.432427,4.8646400000000005,30,25020
2019-04-01T11:34:57.000Z,73.432427,4.8646400000000005,30,25020
2019-04-01T13:35:48.000Z,72.90264,4.67552,31,25100
2019-04-01T13:35:48.000Z,72.90264,4.67552,31,25100
2019-04-01T13:35:48.000Z,72.90264,4.67552,31,25100
2019-04-01T14:31:37.000Z,72.658752,4.592225,30,24950
2019-04-01T14:31:37.000Z,72.658752,4.592225,30,24950
2019-04-01T14:31:37.000Z,72.658752,4.592225,30,24950
2019-04-01T14:31:50.000Z,72.65789699999998,4.59191,30,24970
2019-04-01T14:31:50.000Z,72.65789699999998,4.59191,30,24970
2019-04-01T14:31:50.000Z,72.65789699999998,4.59191,30,24970
2019-04-01T17:26:37.000Z,71.921973,4.319813,29,25100
2019-04-01T17:26:37.000Z,71.921973,4.319813,29,25100
2019-04-01T17:26:37.000Z,71.921973,4.319813,29,25100
2019-04-01T17:54:23.000Z,71.80504,4.2805870000000015,29,25230
2019-04-01T17:54:23.000Z,71.80504,4.2805870000000015,29,25230
2019-04-01T17:54:23.000Z,71.80504,4.2805870000000015,29,25230
2019-04-01T17:55:11.000Z,71.80168,4.279493,29,25160
2019-04-01T17:55:11.000Z,71.80168,4.279493,29,25160
2019-04-01T17:55:11.000Z,71.80168,4.279493,29,25160
2019-04-01T17:55:29.000Z,71.800427,4.279067,29,25150
2019-04-01T17:55:29.000Z,71.800427,4.279067,29,25150
2019-04-01T17:55:29.000Z,71.800427,4.279067,29,25150
2019-04-01T18:17:42.000Z,71.708743,4.247943,28,25100
2019-04-01T18:17:42.000Z,71.708743,4.247943,28,25100
2019-04-01T18:17:42.000Z,71.708743,4.247943,28,25100
2019-04-01T18:49:02.000Z,71.581973,4.204,28,24870
2019-04-01T18:49:02.000Z,71.581973,4.204,28,24870
2019-04-01T18:49:02.000Z,71.581973,4.204,28,24870
2019-04-01T18:50:03.000Z,71.578,4.20248,28,24910
2019-04-01T18:50:03.000Z,71.578,4.20248,28,24910
2019-04-01T18:50:03.000Z,71.578,4.20248,28,24910
2019-04-01T18:50:14.000Z,71.577253,4.202187,28,24910
2019-04-01T18:50:14.000Z,71.577253,4.202187,28,24910
2019-04-01T18:50:14.000Z,71.577253,4.202187,28,24910
2019-04-01T20:02:55.000Z,71.28743,4.090273000000002,28,24900
2019-04-01T20:02:55.000Z,71.28743,4.090273000000002,28,24900
2019-04-01T20:02:55.000Z,71.28743,4.090273000000002,28,24900
2019-04-01T21:04:50.000Z,71.036242,3.990953,29,24940
2019-04-01T21:04:50.000Z,71.036242,3.990953,29,24940
2019-04-01T21:04:50.000Z,71.036242,3.990953,29,24940
2019-04-01T21:49:16.000Z,70.848483,3.926035,29,25110
2019-04-01T21:49:16.000Z,70.848483,3.926035,29,25110
2019-04-01T21:49:16.000Z,70.848483,3.926035,29,25110
2019-04-01T23:14:44.000Z,70.504693,3.79632,28,25000
2019-04-01T23:14:44.000Z,70.504693,3.79632,28,25000
2019-04-01T23:14:44.000Z,70.504693,3.79632,28,25000
2019-04-02T00:13:22.000Z,70.266693,3.708907,28,25070
2019-04-02T00:13:22.000Z,70.266693,3.708907,28,25070
2019-04-02T00:13:22.000Z,70.266693,3.708907,28,25070
2019-04-02T00:51:38.000Z,70.112667,3.65128,28,24910
2019-04-02T00:51:38.000Z,70.112667,3.65128,28,24910
2019-04-02T00:51:38.000Z,70.112667,3.65128,28,24910
2019-04-02T02:15:48.000Z,69.777703,3.526735,28,24780
2019-04-02T02:15:48.000Z,69.777703,3.526735,28,24780
2019-04-02T02:15:48.000Z,69.777703,3.526735,28,24780
2019-04-02T02:50:35.000Z,69.639213,3.4734870000000004,28,25000
2019-04-02T02:50:35.000Z,69.639213,3.4734870000000004,28,25000
2019-04-02T02:50:35.000Z,69.639213,3.4734870000000004,28,25000
2019-04-02T04:43:35.000Z,69.0924,3.2709330000000003,32,25020
2019-04-02T04:43:35.000Z,69.0924,3.2709330000000003,32,25020
2019-04-02T04:43:35.000Z,69.0924,3.2709330000000003,32,25020
2019-04-02T04:44:17.000Z,69.0892,3.26976,32,25010
2019-04-02T04:44:17.000Z,69.0892,3.26976,32,25010
2019-04-02T04:44:17.000Z,69.0892,3.26976,32,25010
2019-04-02T04:45:53.000Z,69.08168,3.267147,32,25090
2019-04-02T04:45:53.000Z,69.08168,3.267147,32,25090
2019-04-02T04:45:53.000Z,69.08168,3.267147,32,25090
2019-04-02T04:46:30.000Z,69.078907,3.26616,32,25020
2019-04-02T04:46:30.000Z,69.078907,3.26616,32,25020
2019-04-02T04:46:30.000Z,69.078907,3.26616,32,25020
2019-04-02T05:47:32.000Z,68.820933,3.16928,29,24930
2019-04-02T05:47:32.000Z,68.820933,3.16928,29,24930
2019-04-02T05:47:32.000Z,68.820933,3.16928,29,24930
2019-04-02T06:45:21.000Z,68.578907,3.075947,29,24820
2019-04-02T06:45:21.000Z,68.578907,3.075947,29,24820
2019-04-02T06:45:21.000Z,68.578907,3.075947,29,24820
2019-04-02T06:46:25.000Z,68.574373,3.074133,29,24850
2019-04-02T06:46:25.000Z,68.574373,3.074133,29,24850
2019-04-02T06:46:25.000Z,68.574373,3.074133,29,24850
2019-04-02T07:08:48.000Z,68.48309300000001,3.038053,29,24860
2019-04-02T07:08:48.000Z,68.48309300000001,3.038053,29,24860
2019-04-02T07:08:48.000Z,68.48309300000001,3.038053,29,24860
2019-04-02T07:09:48.000Z,68.47904,3.036453,29,24850
2019-04-02T07:09:48.000Z,68.47904,3.036453,29,24850
2019-04-02T07:09:48.000Z,68.47904,3.036453,29,24850
2019-04-02T07:10:31.000Z,68.476187,3.035333,29,24840
2019-04-02T07:10:31.000Z,68.476187,3.035333,29,24840
2019-04-02T07:10:31.000Z,68.476187,3.035333,29,24840
2019-04-02T07:12:18.000Z,68.46888,3.032453,29,24840
2019-04-02T07:12:18.000Z,68.46888,3.032453,29,24840
2019-04-02T07:12:18.000Z,68.46888,3.032453,29,24840
2019-04-02T07:12:40.000Z,68.467653,3.031973,29,24860
2019-04-02T07:12:40.000Z,68.467653,3.031973,29,24860
2019-04-02T07:12:40.000Z,68.467653,3.031973,29,24860
2019-04-02T07:20:02.000Z,68.43744000000001,3.02016,29,24840
2019-04-02T07:20:02.000Z,68.43744000000001,3.02016,29,24840
2019-04-02T07:20:02.000Z,68.43744000000001,3.02016,29,24840
2019-04-02T07:34:34.000Z,68.37817,2.996297,29,24840
2019-04-02T07:34:34.000Z,68.37817,2.996297,29,24840
2019-04-02T07:34:34.000Z,68.37817,2.996297,29,24840
2019-04-02T07:34:42.000Z,68.377813,2.9961330000000004,29,24820
2019-04-02T07:34:42.000Z,68.377813,2.9961330000000004,29,24820
2019-04-02T07:34:42.000Z,68.377813,2.9961330000000004,29,24820
2019-04-02T10:13:56.000Z,67.729733,2.758427,28,24970
2019-04-02T10:13:56.000Z,67.729733,2.758427,28,24970
2019-04-02T10:13:56.000Z,67.729733,2.758427,28,24970
2019-04-02T11:44:54.000Z,67.36720799999999,2.624267,28,24920
2019-04-02T11:44:54.000Z,67.36720799999999,2.624267,28,24920
2019-04-02T11:44:54.000Z,67.36720799999999,2.624267,28,24920
2019-04-02T14:01:36.000Z,66.826512,2.420197,28,24910
2019-04-02T14:01:36.000Z,66.826512,2.420197,28,24910
2019-04-02T14:01:36.000Z,66.826512,2.420197,28,24910
2019-04-02T14:54:42.000Z,66.616075,2.341842,28,24970
2019-04-02T14:54:42.000Z,66.616075,2.341842,28,24970
2019-04-02T14:54:42.000Z,66.616075,2.341842,28,24970
2019-04-02T15:13:23.000Z,66.54198199999999,2.31354,27,24860
2019-04-02T15:13:23.000Z,66.54198199999999,2.31354,27,24860
2019-04-02T15:13:23.000Z,66.54198199999999,2.31354,27,24860
2019-04-02T15:40:36.000Z,66.43559,2.272777,27,24900
2019-04-02T15:40:36.000Z,66.43559,2.272777,27,24900
2019-04-02T15:40:36.000Z,66.43559,2.272777,27,24900
2019-04-02T16:33:43.000Z,66.22544,2.193707,28,24920
2019-04-02T16:33:43.000Z,66.22544,2.193707,28,24920
2019-04-02T16:33:43.000Z,66.22544,2.193707,28,24920
2019-04-02T17:20:39.000Z,66.04352,2.12008,27,24660
2019-04-02T17:20:39.000Z,66.04352,2.12008,27,24660
2019-04-02T17:20:39.000Z,66.04352,2.12008,27,24660
2019-04-02T17:41:29.000Z,65.963348,2.086347,27,24830
2019-04-02T17:41:29.000Z,65.963348,2.086347,27,24830
2019-04-02T17:41:29.000Z,65.963348,2.086347,27,24830
2019-04-02T18:07:01.000Z,65.860853,2.04984,28,25000
2019-04-02T18:07:01.000Z,65.860853,2.04984,28,25000
2019-04-02T18:07:01.000Z,65.860853,2.04984,28,25000
2019-04-02T18:37:53.000Z,65.7392,2.0058830000000003,27,25010
2019-04-02T18:37:53.000Z,65.7392,2.0058830000000003,27,25010
2019-04-02T18:37:53.000Z,65.7392,2.0058830000000003,27,25010
2019-04-02T18:40:48.000Z,65.728187,2.00184,28,25010
2019-04-02T18:40:48.000Z,65.728187,2.00184,28,25010
2019-04-02T18:40:48.000Z,65.728187,2.00184,28,25010
2019-04-02T18:56:26.000Z,65.66549300000001,1.97936,28,25020
2019-04-02T18:56:26.000Z,65.66549300000001,1.97936,28,25020
2019-04-02T18:56:26.000Z,65.66549300000001,1.97936,28,25020
2019-04-02T19:15:42.000Z,65.589147,1.95288,27,25020
2019-04-02T19:15:42.000Z,65.589147,1.95288,27,25020
2019-04-02T19:15:42.000Z,65.589147,1.95288,27,25020
2019-04-02T19:17:24.000Z,65.58248,1.95056,27,25080
2019-04-02T19:17:24.000Z,65.58248,1.95056,27,25080
2019-04-02T19:17:24.000Z,65.58248,1.95056,27,25080
2019-04-02T19:51:05.000Z,65.448533,1.905307,27,25090
2019-04-02T19:51:05.000Z,65.448533,1.905307,27,25090
2019-04-02T19:51:05.000Z,65.448533,1.905307,27,25090
2019-04-02T20:01:23.000Z,65.408187,1.89104,27,24750
2019-04-02T20:01:23.000Z,65.408187,1.89104,27,24750
2019-04-02T20:01:23.000Z,65.408187,1.89104,27,24750
2019-04-02T20:55:45.000Z,65.198178,1.805517,27,24910
2019-04-02T20:55:45.000Z,65.198178,1.805517,27,24910
2019-04-02T20:55:45.000Z,65.198178,1.805517,27,24910
2019-04-02T20:56:21.000Z,65.195687,1.804645,27,25030
2019-04-02T20:56:21.000Z,65.195687,1.804645,27,25030
2019-04-02T20:56:21.000Z,65.195687,1.804645,27,25030
2019-04-02T22:03:48.000Z,64.923435,1.70465,28,25000
2019-04-02T22:03:48.000Z,64.923435,1.70465,28,25000
2019-04-02T22:03:48.000Z,64.923435,1.70465,28,25000
2019-04-02T23:30:03.000Z,64.58912,1.573253,27,24770
2019-04-02T23:30:03.000Z,64.58912,1.573253,27,24770
2019-04-02T23:30:03.000Z,64.58912,1.573253,27,24770
2019-04-03T00:25:38.000Z,64.375333,1.486987,27,24910
2019-04-03T00:25:38.000Z,64.375333,1.486987,27,24910
2019-04-03T00:25:38.000Z,64.375333,1.486987,27,24910
2019-04-03T00:25:52.000Z,64.374613,1.486693,27,24890
2019-04-03T00:25:52.000Z,64.374613,1.486693,27,24890
2019-04-03T00:25:52.000Z,64.374613,1.486693,27,24890
2019-04-03T01:33:07.000Z,64.11537,1.389147,27,24900
2019-04-03T01:33:07.000Z,64.11537,1.389147,27,24900
2019-04-03T01:33:07.000Z,64.11537,1.389147,27,24900
2019-04-03T03:08:43.000Z,63.741442000000006,1.242343,28,24770
2019-04-03T03:08:43.000Z,63.741442000000006,1.242343,28,24770
2019-04-03T03:08:43.000Z,63.741442000000006,1.242343,28,24770
2019-04-03T03:10:31.000Z,63.73435500000001,1.239437,28,24810
2019-04-03T03:10:31.000Z,63.73435500000001,1.239437,28,24810
2019-04-03T03:10:31.000Z,63.73435500000001,1.239437,28,24810
2019-04-03T03:50:19.000Z,63.578062,1.177562,27,24880
2019-04-03T03:50:19.000Z,63.578062,1.177562,27,24880
2019-04-03T03:50:19.000Z,63.578062,1.177562,27,24880
2019-04-03T03:51:18.000Z,63.574165,1.176033,27,24910
2019-04-03T03:51:19.000Z,63.574165,1.176033,27,24910
2019-04-03T03:51:18.000Z,63.574165,1.176033,27,24910
2019-04-03T03:51:19.000Z,63.574165,1.176033,27,24910
2019-04-03T03:51:18.000Z,63.574165,1.176033,27,24910
2019-04-03T03:51:19.000Z,63.574165,1.176033,27,24910
2019-04-03T03:52:06.000Z,63.571068,1.174893,27,25020
2019-04-03T03:52:06.000Z,63.571068,1.174893,27,25020
2019-04-03T03:52:06.000Z,63.571068,1.174893,27,25020
2019-04-03T03:52:12.000Z,63.57061,1.17472,27,24970
2019-04-03T03:52:12.000Z,63.57061,1.17472,27,24970
2019-04-03T03:52:12.000Z,63.57061,1.17472,27,24970
2019-04-03T05:55:55.000Z,63.083413,0.98808,28,24980
2019-04-03T05:55:55.000Z,63.083413,0.98808,28,24980
2019-04-03T05:55:55.000Z,63.083413,0.98808,28,24980
2019-04-03T06:25:36.000Z,62.963627,0.943787,28,24920
2019-04-03T06:25:36.000Z,62.963627,0.943787,28,24920
2019-04-03T06:25:36.000Z,62.963627,0.943787,28,24920
2019-04-03T06:41:36.000Z,62.89970699999999,0.91976,28,24960
2019-04-03T06:41:36.000Z,62.89970699999999,0.91976,28,24960
2019-04-03T06:41:36.000Z,62.89970699999999,0.91976,28,24960
2019-04-03T06:45:25.000Z,62.88392,0.913947,28,24930
2019-04-03T06:45:25.000Z,62.88392,0.913947,28,24930
2019-04-03T06:45:25.000Z,62.88392,0.913947,28,24930
2019-04-03T06:46:01.000Z,62.881493000000006,0.913013,28,24900
2019-04-03T06:46:01.000Z,62.881493000000006,0.913013,28,24900
2019-04-03T06:46:01.000Z,62.881493000000006,0.913013,28,24900
2019-04-03T06:49:44.000Z,62.86688,0.90768,28,25010
2019-04-03T06:49:44.000Z,62.86688,0.90768,28,25010
2019-04-03T06:49:44.000Z,62.86688,0.90768,28,25010
2019-04-03T06:50:08.000Z,62.865253,0.907093,28,25000
2019-04-03T06:50:08.000Z,62.865253,0.907093,28,25000
2019-04-03T06:50:08.000Z,62.865253,0.907093,28,25000
2019-04-03T06:50:50.000Z,62.862453,0.906027,28,24870
2019-04-03T06:50:50.000Z,62.862453,0.906027,28,24870
2019-04-03T06:50:50.000Z,62.862453,0.906027,28,24870
2019-04-03T06:51:02.000Z,62.86168000000001,0.905707,28,24850
2019-04-03T06:51:08.000Z,62.86128000000001,0.905573,28,24840
2019-04-03T06:51:02.000Z,62.86168000000001,0.905707,28,24850
2019-04-03T06:51:02.000Z,62.86168000000001,0.905707,28,24850
2019-04-03T06:51:08.000Z,62.86128000000001,0.905573,28,24840
2019-04-03T06:51:08.000Z,62.86128000000001,0.905573,28,24840
2019-04-03T06:51:25.000Z,62.860133,0.905067,28,24740
2019-04-03T06:51:25.000Z,62.860133,0.905067,28,24740
2019-04-03T06:51:25.000Z,62.860133,0.905067,28,24740
2019-04-03T06:52:31.000Z,62.855733,0.903173,28,24640
2019-04-03T06:52:31.000Z,62.855733,0.903173,28,24640
2019-04-03T06:52:31.000Z,62.855733,0.903173,28,24640
2019-04-03T06:55:48.000Z,62.842507,0.89792,28,24850
2019-04-03T06:55:48.000Z,62.842507,0.89792,28,24850
2019-04-03T06:55:48.000Z,62.842507,0.89792,28,24850
2019-04-03T06:55:54.000Z,62.84210699999999,0.89776,28,24860
2019-04-03T06:55:54.000Z,62.84210699999999,0.89776,28,24860
2019-04-03T06:55:54.000Z,62.84210699999999,0.89776,28,24860
2019-04-03T06:56:24.000Z,62.840107,0.8969870000000001,28,24850
2019-04-03T06:56:24.000Z,62.840107,0.8969870000000001,28,24850
2019-04-03T06:56:24.000Z,62.840107,0.8969870000000001,28,24850
2019-04-03T07:17:23.000Z,62.757173,0.863333,28,24710
2019-04-03T07:17:23.000Z,62.757173,0.863333,28,24710
2019-04-03T07:17:23.000Z,62.757173,0.863333,28,24710
2019-04-03T07:56:18.000Z,62.60349300000001,0.799707,28,24760
2019-04-03T07:56:18.000Z,62.60349300000001,0.799707,28,24760
2019-04-03T07:56:18.000Z,62.60349300000001,0.799707,28,24760
2019-04-03T08:28:21.000Z,62.476897,0.7488520000000001,28,24680
2019-04-03T08:28:21.000Z,62.476897,0.7488520000000001,28,24680
2019-04-03T08:28:21.000Z,62.476897,0.7488520000000001,28,24680
2019-04-03T08:28:45.000Z,62.47532800000001,0.748202,28,24720
2019-04-03T08:28:45.000Z,62.47532800000001,0.748202,28,24720
2019-04-03T08:28:45.000Z,62.47532800000001,0.748202,28,24720
2019-04-03T08:28:57.000Z,62.47454200000001,0.7478819999999999,28,24740
2019-04-03T08:28:57.000Z,62.47454200000001,0.7478819999999999,28,24740
2019-04-03T08:28:57.000Z,62.47454200000001,0.7478819999999999,28,24740
2019-04-03T08:29:03.000Z,62.474147,0.747728,28,24790
2019-04-03T08:29:03.000Z,62.474147,0.747728,28,24790
2019-04-03T08:29:03.000Z,62.474147,0.747728,28,24790
2019-04-03T08:30:27.000Z,62.468658,0.745483,28,24760
2019-04-03T08:30:27.000Z,62.468658,0.745483,28,24760
2019-04-03T08:30:27.000Z,62.468658,0.745483,28,24760
2019-04-03T10:12:22.000Z,62.06576,0.5902930000000001,28,25020
2019-04-03T10:12:22.000Z,62.06576,0.5902930000000001,28,25020
2019-04-03T10:12:22.000Z,62.06576,0.5902930000000001,28,25020
2019-04-03T10:17:49.000Z,62.044853,0.582507,28,24870
2019-04-03T10:17:49.000Z,62.044853,0.582507,28,24870
2019-04-03T10:17:49.000Z,62.044853,0.582507,28,24870
2019-04-03T10:18:49.000Z,62.040827,0.581013,28,25000
2019-04-03T10:18:49.000Z,62.040827,0.581013,28,25000
2019-04-03T10:18:49.000Z,62.040827,0.581013,28,25000
2019-04-03T10:19:12.000Z,62.0392,0.580453,28,25090
2019-04-03T10:19:12.000Z,62.0392,0.580453,28,25090
2019-04-03T10:19:12.000Z,62.0392,0.580453,28,25090
2019-04-03T10:19:55.000Z,62.036373,0.579467,28,25030
2019-04-03T10:19:55.000Z,62.036373,0.579467,28,25030
2019-04-03T10:19:55.000Z,62.036373,0.579467,28,25030
2019-04-03T10:20:00.000Z,62.036027,0.579333,28,25030
2019-04-03T10:20:00.000Z,62.036027,0.579333,28,25030
2019-04-03T10:20:00.000Z,62.036027,0.579333,28,25030
2019-04-03T10:21:37.000Z,62.02952,0.57696,28,24980
2019-04-03T10:21:37.000Z,62.02952,0.57696,28,24980
2019-04-03T10:21:37.000Z,62.02952,0.57696,28,24980
2019-04-03T10:32:07.000Z,61.986853,0.561013,28,24850
2019-04-03T10:32:07.000Z,61.986853,0.561013,28,24850
2019-04-03T10:32:07.000Z,61.986853,0.561013,28,24850
2019-04-03T11:48:34.000Z,61.68549300000001,0.44048,28,24850
2019-04-03T11:48:34.000Z,61.68549300000001,0.44048,28,24850
2019-04-03T11:48:34.000Z,61.68549300000001,0.44048,28,24850
2019-04-03T12:03:44.000Z,61.62512,0.415253,28,24690
2019-04-03T12:03:44.000Z,61.62512,0.415253,28,24690
2019-04-03T12:03:44.000Z,61.62512,0.415253,28,24690
2019-04-03T12:05:49.000Z,61.61672,0.411813,28,24830
2019-04-03T12:05:49.000Z,61.61672,0.411813,28,24830
2019-04-03T12:05:49.000Z,61.61672,0.411813,28,24830
2019-04-03T12:05:56.000Z,61.61624000000001,0.411627,28,24850
2019-04-03T12:05:56.000Z,61.61624000000001,0.411627,28,24850
2019-04-03T12:05:56.000Z,61.61624000000001,0.411627,28,24850
2019-04-03T12:06:44.000Z,61.613067,0.410347,28,24850
2019-04-03T12:06:44.000Z,61.613067,0.410347,28,24850
2019-04-03T12:06:44.000Z,61.613067,0.410347,28,24850
2019-04-03T12:07:37.000Z,61.609547,0.408933,28,24860
2019-04-03T12:07:37.000Z,61.609547,0.408933,28,24860
2019-04-03T12:07:37.000Z,61.609547,0.408933,28,24860
2019-04-03T13:34:43.000Z,61.262258,0.276853,28,24960
2019-04-03T13:34:43.000Z,61.262258,0.276853,28,24960
2019-04-03T13:34:43.000Z,61.262258,0.276853,28,24960
2019-04-03T13:34:56.000Z,61.26139499999999,0.276527,28,24940
2019-04-03T13:34:56.000Z,61.26139499999999,0.276527,28,24940
2019-04-03T13:34:56.000Z,61.26139499999999,0.276527,28,24940
2019-04-03T13:35:56.000Z,61.257428,0.275012,28,24940
2019-04-03T13:35:56.000Z,61.257428,0.275012,28,24940
2019-04-03T13:35:56.000Z,61.257428,0.275012,28,24940
2019-04-03T14:37:54.000Z,61.011772,0.17916700000000002,28,24880
2019-04-03T14:37:54.000Z,61.011772,0.17916700000000002,28,24880
2019-04-03T14:37:54.000Z,61.011772,0.17916700000000002,28,24880
2019-04-03T15:14:14.000Z,60.868743,0.122235,28,24870
2019-04-03T15:14:14.000Z,60.868743,0.122235,28,24870
2019-04-03T15:14:14.000Z,60.868743,0.122235,28,24870
2019-04-03T16:59:47.000Z,60.44666700000001,-0.03968,28,25040
2019-04-03T16:59:47.000Z,60.44666700000001,-0.03968,28,25040
2019-04-03T16:59:47.000Z,60.44666700000001,-0.03968,28,25040
2019-04-03T17:10:59.000Z,60.39670699999999,-0.05886,28,24790
2019-04-03T17:10:59.000Z,60.39670699999999,-0.05886,28,24790
2019-04-03T17:10:59.000Z,60.39670699999999,-0.05886,28,24790
2019-04-03T17:45:59.000Z,60.26168000000001,-0.112133,28,24770
2019-04-03T17:45:59.000Z,60.26168000000001,-0.112133,28,24770
2019-04-03T17:45:59.000Z,60.26168000000001,-0.112133,28,24770
2019-04-03T18:22:10.000Z,60.116933,-0.170053,28,24720
2019-04-03T18:22:10.000Z,60.116933,-0.170053,28,24720
2019-04-03T18:22:10.000Z,60.116933,-0.170053,28,24720
2019-04-03T18:35:44.000Z,60.06272,-0.192427,28,24800
2019-04-03T18:35:44.000Z,60.06272,-0.192427,28,24800
2019-04-03T18:35:44.000Z,60.06272,-0.192427,28,24800
2019-04-03T18:57:39.000Z,59.975278,-0.227685,29,24930
2019-04-03T18:57:39.000Z,59.975278,-0.227685,29,24930
2019-04-03T18:57:39.000Z,59.975278,-0.227685,29,24930
2019-04-03T19:15:43.000Z,59.901680000000006,-0.255893,28,24930
2019-04-03T19:15:43.000Z,59.901680000000006,-0.255893,28,24930
2019-04-03T19:15:43.000Z,59.901680000000006,-0.255893,28,24930
2019-04-03T20:04:27.000Z,59.70294000000001,-0.3297,29,25030
2019-04-03T20:04:27.000Z,59.70294000000001,-0.3297,29,25030
2019-04-03T20:04:27.000Z,59.70294000000001,-0.3297,29,25030
2019-04-03T20:33:20.000Z,59.584107,-0.37352,28,24880
2019-04-03T20:33:20.000Z,59.584107,-0.37352,28,24880
2019-04-03T20:33:20.000Z,59.584107,-0.37352,28,24880
2019-04-03T21:06:06.000Z,59.45208,-0.42848,29,24730
2019-04-03T21:06:06.000Z,59.45208,-0.42848,29,24730
2019-04-03T21:06:06.000Z,59.45208,-0.42848,29,24730
2019-04-03T21:40:20.000Z,59.312823,-0.485005,29,24850
2019-04-03T21:40:20.000Z,59.312823,-0.485005,29,24850
2019-04-03T21:40:20.000Z,59.312823,-0.485005,29,24850
2019-04-03T21:40:45.000Z,59.311138,-0.485675,29,24880
2019-04-03T21:40:45.000Z,59.311138,-0.485675,29,24880
2019-04-03T21:40:45.000Z,59.311138,-0.485675,29,24880
2019-04-03T22:46:03.000Z,59.046507,-0.59048,28,24910
2019-04-03T22:46:03.000Z,59.046507,-0.59048,28,24910
2019-04-03T22:46:03.000Z,59.046507,-0.59048,28,24910
2019-04-03T23:29:03.000Z,58.872533,-0.656053,28,24850
2019-04-03T23:29:03.000Z,58.872533,-0.656053,28,24850
2019-04-03T23:29:03.000Z,58.872533,-0.656053,28,24850
2019-04-03T23:59:56.000Z,58.747653,-0.703013,28,24700
2019-04-03T23:59:56.000Z,58.747653,-0.703013,28,24700
2019-04-03T23:59:56.000Z,58.747653,-0.703013,28,24700
2019-04-04T01:03:40.000Z,58.492107,-0.8074399999999999,29,24760
2019-04-04T01:03:40.000Z,58.492107,-0.8074399999999999,29,24760
2019-04-04T01:03:40.000Z,58.492107,-0.8074399999999999,29,24760
2019-04-04T01:53:51.000Z,58.287923,-0.8866700000000001,29,24930
2019-04-04T01:53:51.000Z,58.287923,-0.8866700000000001,29,24930
2019-04-04T01:53:51.000Z,58.287923,-0.8866700000000001,29,24930
2019-04-04T02:44:18.000Z,58.083842,-0.965773,28,24890
2019-04-04T02:44:18.000Z,58.083842,-0.965773,28,24890
2019-04-04T02:44:18.000Z,58.083842,-0.965773,28,24890
2019-04-04T03:31:08.000Z,57.900197,-1.035913,27,24820
2019-04-04T03:31:08.000Z,57.900197,-1.035913,27,24820
2019-04-04T03:31:08.000Z,57.900197,-1.035913,27,24820
2019-04-04T04:22:25.000Z,57.692773,-1.1175,31,24900
2019-04-04T04:22:25.000Z,57.692773,-1.1175,31,24900
2019-04-04T04:22:26.000Z,57.692773,-1.1175,31,24900
2019-04-04T04:22:26.000Z,57.692773,-1.1175,31,24900
2019-04-04T04:22:25.000Z,57.692773,-1.1175,31,24900
2019-04-04T04:22:26.000Z,57.692773,-1.1175,31,24900
2019-04-04T04:22:50.000Z,57.690988,-1.118177,31,24910
2019-04-04T04:22:50.000Z,57.690988,-1.118177,31,24910
2019-04-04T04:22:50.000Z,57.690988,-1.118177,31,24910
2019-04-04T04:23:14.000Z,57.689285,-1.118837,31,24860
2019-04-04T04:23:14.000Z,57.689285,-1.118837,31,24860
2019-04-04T04:23:14.000Z,57.689285,-1.118837,31,24860
2019-04-04T04:23:25.000Z,57.688323,-1.119197,31,24870
2019-04-04T04:23:25.000Z,57.688323,-1.119197,31,24870
2019-04-04T04:23:25.000Z,57.688323,-1.119197,31,24870
2019-04-04T04:23:38.000Z,57.687437,-1.119545,31,24830
2019-04-04T04:23:38.000Z,57.687437,-1.119545,31,24830
2019-04-04T04:23:38.000Z,57.687437,-1.119545,31,24830
2019-04-04T04:24:13.000Z,57.684842,-1.120587,32,24800
2019-04-04T04:24:13.000Z,57.684842,-1.120587,32,24800
2019-04-04T04:24:13.000Z,57.684842,-1.120587,32,24800
2019-04-04T06:00:44.000Z,57.24392,-1.289947,26,24950
2019-04-04T06:00:44.000Z,57.24392,-1.289947,26,24950
2019-04-04T06:00:44.000Z,57.24392,-1.289947,26,24950
2019-04-04T06:02:01.000Z,57.23911999999999,-1.29176,26,24890
2019-04-04T06:02:01.000Z,57.23911999999999,-1.29176,26,24890
2019-04-04T06:02:01.000Z,57.23911999999999,-1.29176,26,24890
2019-04-04T06:02:13.000Z,57.23832,-1.29208,26,24880
2019-04-04T06:02:13.000Z,57.23832,-1.29208,26,24880
2019-04-04T06:02:13.000Z,57.23832,-1.29208,26,24880
2019-04-04T06:04:26.000Z,57.23016,-1.295333,26,24790
2019-04-04T06:04:26.000Z,57.23016,-1.295333,26,24790
2019-04-04T06:04:26.000Z,57.23016,-1.295333,26,24790
2019-04-04T06:04:38.000Z,57.229413,-1.2956530000000002,26,24760
2019-04-04T06:04:38.000Z,57.229413,-1.2956530000000002,26,24760
2019-04-04T06:04:38.000Z,57.229413,-1.2956530000000002,26,24760
2019-04-04T06:27:37.000Z,57.142987,-1.329627,26,24810
2019-04-04T06:27:37.000Z,57.142987,-1.329627,26,24810
2019-04-04T06:27:37.000Z,57.142987,-1.329627,26,24810
2019-04-04T06:27:43.000Z,57.142613,-1.329787,26,24830
2019-04-04T06:27:43.000Z,57.142613,-1.329787,26,24830
2019-04-04T06:27:43.000Z,57.142613,-1.329787,26,24830
2019-04-04T06:30:42.000Z,57.13136,-1.33408,26,24970
2019-04-04T06:30:42.000Z,57.13136,-1.33408,26,24970
2019-04-04T06:30:42.000Z,57.13136,-1.33408,26,24970
2019-04-04T06:31:18.000Z,57.12904,-1.33496,26,24940
2019-04-04T06:31:18.000Z,57.12904,-1.33496,26,24940
2019-04-04T06:31:18.000Z,57.12904,-1.33496,26,24940
2019-04-04T06:31:37.000Z,57.127973,-1.33536,26,24920
2019-04-04T06:31:37.000Z,57.127973,-1.33536,26,24920
2019-04-04T06:31:37.000Z,57.127973,-1.33536,26,24920
2019-04-04T06:32:49.000Z,57.123387,-1.33712,26,24920
2019-04-04T06:32:49.000Z,57.123387,-1.33712,26,24920
2019-04-04T06:32:49.000Z,57.123387,-1.33712,26,24920
2019-04-04T06:33:00.000Z,57.12269300000001,-1.337387,26,24910
2019-04-04T06:33:00.000Z,57.12269300000001,-1.337387,26,24910
2019-04-04T06:33:00.000Z,57.12269300000001,-1.337387,26,24910
2019-04-04T06:33:43.000Z,57.12,-1.338427,26,24890
2019-04-04T06:33:43.000Z,57.12,-1.338427,26,24890
2019-04-04T06:33:43.000Z,57.12,-1.338427,26,24890
2019-04-04T06:34:24.000Z,57.117387,-1.33944,26,24890
2019-04-04T06:34:24.000Z,57.117387,-1.33944,26,24890
2019-04-04T06:34:24.000Z,57.117387,-1.33944,26,24890
2019-04-04T06:57:01.000Z,57.032853,-1.371947,26,24880
2019-04-04T06:57:01.000Z,57.032853,-1.371947,26,24880
2019-04-04T06:57:01.000Z,57.032853,-1.371947,26,24880
2019-04-04T07:25:39.000Z,56.92568000000001,-1.413013,26,24850
2019-04-04T07:25:39.000Z,56.92568000000001,-1.413013,26,24850
2019-04-04T07:25:39.000Z,56.92568000000001,-1.413013,26,24850
2019-04-04T07:36:45.000Z,56.88361800000001,-1.429107,27,24900
2019-04-04T07:36:45.000Z,56.88361800000001,-1.429107,27,24900
2019-04-04T07:36:45.000Z,56.88361800000001,-1.429107,27,24900
2019-04-04T07:37:38.000Z,56.88016,-1.4304,27,24930
2019-04-04T07:37:38.000Z,56.88016,-1.4304,27,24930
2019-04-04T07:37:38.000Z,56.88016,-1.4304,27,24930
2019-04-04T07:37:55.000Z,56.87904,-1.430827,27,24920
2019-04-04T07:37:55.000Z,56.87904,-1.430827,27,24920
2019-04-04T07:37:55.000Z,56.87904,-1.430827,27,24920
2019-04-04T07:40:14.000Z,56.87016,-1.43424,27,24940
2019-04-04T07:40:14.000Z,56.87016,-1.43424,27,24940
2019-04-04T07:40:14.000Z,56.87016,-1.43424,27,24940
2019-04-04T07:40:20.000Z,56.86976,-1.434373,27,24930
2019-04-04T07:40:20.000Z,56.86976,-1.434373,27,24930
2019-04-04T07:40:20.000Z,56.86976,-1.434373,27,24930
2019-04-04T07:41:50.000Z,56.864027,-1.436613,27,24850
2019-04-04T07:41:50.000Z,56.864027,-1.436613,27,24850
2019-04-04T07:41:50.000Z,56.864027,-1.436613,27,24850
2019-04-04T07:42:01.000Z,56.86330699999999,-1.436907,27,24870
2019-04-04T07:42:01.000Z,56.86330699999999,-1.436907,27,24870
2019-04-04T07:42:01.000Z,56.86330699999999,-1.436907,27,24870
2019-04-04T07:42:19.000Z,56.862107,-1.43736,27,24880
2019-04-04T07:42:19.000Z,56.862107,-1.43736,27,24880
2019-04-04T07:42:19.000Z,56.862107,-1.43736,27,24880
2019-04-04T07:43:44.000Z,56.856747,-1.4394129999999998,27,24910
2019-04-04T07:43:44.000Z,56.856747,-1.4394129999999998,27,24910
2019-04-04T07:43:44.000Z,56.856747,-1.4394129999999998,27,24910
2019-04-04T07:47:31.000Z,56.842053,-1.445013,27,24910
2019-04-04T07:47:31.000Z,56.842053,-1.445013,27,24910
2019-04-04T07:47:31.000Z,56.842053,-1.445013,27,24910
2019-04-04T07:48:06.000Z,56.839733,-1.445893,27,24960
2019-04-04T07:48:06.000Z,56.839733,-1.445893,27,24960
2019-04-04T07:48:06.000Z,56.839733,-1.445893,27,24960
2019-04-04T07:48:13.000Z,56.8392,-1.446107,27,24930
2019-04-04T07:48:13.000Z,56.8392,-1.446107,27,24930
2019-04-04T07:48:13.000Z,56.8392,-1.446107,27,24930
2019-04-04T07:49:00.000Z,56.83570699999999,-1.44744,27,24890
2019-04-04T07:49:00.000Z,56.83570699999999,-1.44744,27,24890
2019-04-04T07:49:00.000Z,56.83570699999999,-1.44744,27,24890
2019-04-04T07:49:23.000Z,56.83424,-1.4480000000000002,27,24860
2019-04-04T07:49:23.000Z,56.83424,-1.4480000000000002,27,24860
2019-04-04T07:49:23.000Z,56.83424,-1.4480000000000002,27,24860
2019-04-04T07:49:31.000Z,56.833787,-1.448187,27,24890
2019-04-04T07:49:31.000Z,56.833787,-1.448187,27,24890
2019-04-04T07:49:31.000Z,56.833787,-1.448187,27,24890
2019-04-04T07:50:54.000Z,56.8284,-1.450267,27,24870
2019-04-04T07:50:54.000Z,56.8284,-1.450267,27,24870
2019-04-04T07:50:54.000Z,56.8284,-1.450267,27,24870
2019-04-04T07:51:06.000Z,56.827627,-1.45056,27,24910
2019-04-04T07:51:06.000Z,56.827627,-1.45056,27,24910
2019-04-04T07:51:06.000Z,56.827627,-1.45056,27,24910
2019-04-04T07:51:23.000Z,56.826533,-1.45096,27,24920
2019-04-04T07:51:23.000Z,56.826533,-1.45096,27,24920
2019-04-04T07:51:23.000Z,56.826533,-1.45096,27,24920
2019-04-04T07:51:30.000Z,56.82608000000001,-1.45112,27,24930
2019-04-04T07:51:30.000Z,56.82608000000001,-1.45112,27,24930
2019-04-04T07:51:30.000Z,56.82608000000001,-1.45112,27,24930
2019-04-04T07:52:05.000Z,56.82384,-1.451947,27,24960
2019-04-04T07:52:05.000Z,56.82384,-1.451947,27,24960
2019-04-04T07:52:05.000Z,56.82384,-1.451947,27,24960
2019-04-04T08:08:43.000Z,56.760293,-1.477093,27,24770
2019-04-04T08:08:43.000Z,56.760293,-1.477093,27,24770
2019-04-04T08:08:43.000Z,56.760293,-1.477093,27,24770
2019-04-04T08:09:26.000Z,56.757627,-1.47816,27,24790
2019-04-04T08:09:26.000Z,56.757627,-1.47816,27,24790
2019-04-04T08:09:26.000Z,56.757627,-1.47816,27,24790
2019-04-04T08:09:31.000Z,56.75725300000001,-1.47832,27,24790
2019-04-04T08:09:31.000Z,56.75725300000001,-1.47832,27,24790
2019-04-04T08:09:31.000Z,56.75725300000001,-1.47832,27,24790
2019-04-04T08:09:36.000Z,56.756933,-1.478453,27,24780
2019-04-04T08:09:36.000Z,56.756933,-1.478453,27,24780
2019-04-04T08:09:36.000Z,56.756933,-1.478453,27,24780
2019-04-04T08:25:30.000Z,56.696853,-1.50296,27,24800
2019-04-04T08:25:30.000Z,56.696853,-1.50296,27,24800
2019-04-04T08:25:30.000Z,56.696853,-1.50296,27,24800
2019-04-04T09:02:15.000Z,56.557413,-1.55784,27,24960
2019-04-04T09:02:15.000Z,56.557413,-1.55784,27,24960
2019-04-04T09:02:15.000Z,56.557413,-1.55784,27,24960
2019-04-04T09:02:26.000Z,56.556693,-1.55808,27,24990
2019-04-04T09:02:26.000Z,56.556693,-1.55808,27,24990
2019-04-04T09:02:26.000Z,56.556693,-1.55808,27,24990
2019-04-04T09:02:33.000Z,56.55624,-1.558267,27,24970
2019-04-04T09:02:33.000Z,56.55624,-1.558267,27,24970
2019-04-04T09:02:33.000Z,56.55624,-1.558267,27,24970
2019-04-04T09:02:38.000Z,56.555867000000006,-1.5584,27,25000
2019-04-04T09:02:38.000Z,56.555867000000006,-1.5584,27,25000
2019-04-04T09:02:38.000Z,56.555867000000006,-1.5584,27,25000
2019-04-04T09:03:56.000Z,56.5508,-1.560267,27,24970
2019-04-04T09:03:56.000Z,56.5508,-1.560267,27,24970
2019-04-04T09:03:56.000Z,56.5508,-1.560267,27,24970
2019-04-04T10:37:47.000Z,56.178458,-1.706317,29,24830
2019-04-04T10:37:47.000Z,56.178458,-1.706317,29,24830
2019-04-04T10:37:47.000Z,56.178458,-1.706317,29,24830
2019-04-04T11:06:39.000Z,56.063627,-1.750373,27,24900
2019-04-04T11:06:39.000Z,56.063627,-1.750373,27,24900
2019-04-04T11:06:39.000Z,56.063627,-1.750373,27,24900
2019-04-04T11:34:36.000Z,55.95704,-1.7921330000000002,27,24810
2019-04-04T11:34:36.000Z,55.95704,-1.7921330000000002,27,24810
2019-04-04T11:34:36.000Z,55.95704,-1.7921330000000002,27,24810
2019-04-04T12:39:33.000Z,55.705947,-1.888293,27,24920
2019-04-04T12:39:33.000Z,55.705947,-1.888293,27,24920
2019-04-04T12:39:33.000Z,55.705947,-1.888293,27,24920
2019-04-04T12:40:11.000Z,55.70399999999999,-1.889013,27,24970
2019-04-04T12:40:11.000Z,55.70399999999999,-1.889013,27,24970
2019-04-04T12:40:11.000Z,55.70399999999999,-1.889013,27,24970
2019-04-04T13:52:55.000Z,55.422825,-2.001248,28,24920
2019-04-04T13:52:55.000Z,55.422825,-2.001248,28,24920
2019-04-04T13:52:55.000Z,55.422825,-2.001248,28,24920
2019-04-04T13:57:13.000Z,55.405938,-2.007723,28,24920
2019-04-04T13:57:13.000Z,55.405938,-2.007723,28,24920
2019-04-04T13:57:13.000Z,55.405938,-2.007723,28,24920
2019-04-04T14:08:06.000Z,55.363037,-2.024048,28,24960
2019-04-04T14:08:06.000Z,55.363037,-2.024048,28,24960
2019-04-04T14:08:06.000Z,55.363037,-2.024048,28,24960
2019-04-04T15:34:08.000Z,55.025328,-2.15529,27,24870
2019-04-04T15:34:08.000Z,55.025328,-2.15529,27,24870
2019-04-04T15:34:08.000Z,55.025328,-2.15529,27,24870
2019-04-04T17:23:17.000Z,54.610453,-2.347253,27,24520
2019-04-04T17:23:17.000Z,54.610453,-2.347253,27,24520
2019-04-04T17:23:17.000Z,54.610453,-2.347253,27,24520
2019-04-04T17:55:38.000Z,54.485013,-2.393733,27,24750
2019-04-04T17:55:38.000Z,54.485013,-2.393733,27,24750
2019-04-04T17:55:38.000Z,54.485013,-2.393733,27,24750
2019-04-04T18:02:54.000Z,54.45624,-2.405707,28,24760
2019-04-04T18:02:54.000Z,54.45624,-2.405707,28,24760
2019-04-04T18:02:54.000Z,54.45624,-2.405707,28,24760
2019-04-04T18:17:04.000Z,54.401653,-2.428587,28,24710
2019-04-04T18:17:04.000Z,54.401653,-2.428587,28,24710
2019-04-04T18:17:04.000Z,54.401653,-2.428587,28,24710
2019-04-04T19:00:41.000Z,54.230613,-2.50096,28,24690
2019-04-04T19:00:41.000Z,54.230613,-2.50096,28,24690
2019-04-04T19:00:41.000Z,54.230613,-2.50096,28,24690
2019-04-04T19:02:30.000Z,54.222747,-2.50424,28,24820
2019-04-04T19:02:30.000Z,54.222747,-2.50424,28,24820
2019-04-04T19:02:30.000Z,54.222747,-2.50424,28,24820
2019-04-04T19:19:16.000Z,54.155457,-2.525842,28,25210
2019-04-04T19:19:16.000Z,54.155457,-2.525842,28,25210
2019-04-04T19:19:16.000Z,54.155457,-2.525842,28,25210
2019-04-04T19:19:28.000Z,54.15470799999999,-2.526073,28,25190
2019-04-04T19:19:28.000Z,54.15470799999999,-2.526073,28,25190
2019-04-04T19:19:28.000Z,54.15470799999999,-2.526073,28,25190
2019-04-04T19:20:29.000Z,54.15064,-2.5274,28,25180
2019-04-04T19:20:29.000Z,54.15064,-2.5274,28,25180
2019-04-04T19:20:29.000Z,54.15064,-2.5274,28,25180
2019-04-04T19:56:06.000Z,54.006187,-2.574507,28,25180
2019-04-04T19:56:06.000Z,54.006187,-2.574507,28,25180
2019-04-04T19:56:06.000Z,54.006187,-2.574507,28,25180
2019-04-04T19:57:24.000Z,54.000933,-2.57632,28,25110
2019-04-04T19:57:24.000Z,54.000933,-2.57632,28,25110
2019-04-04T19:57:24.000Z,54.000933,-2.57632,28,25110
2019-04-04T19:57:36.000Z,54.000187,-2.57656,28,25140
2019-04-04T19:57:36.000Z,54.000187,-2.57656,28,25140
2019-04-04T19:57:36.000Z,54.000187,-2.57656,28,25140
2019-04-04T19:57:54.000Z,53.998987,-2.5769330000000004,28,25160
2019-04-04T19:57:54.000Z,53.998987,-2.5769330000000004,28,25160
2019-04-04T19:57:54.000Z,53.998987,-2.5769330000000004,28,25160
2019-04-04T19:58:06.000Z,53.998133,-2.577253,28,25200
2019-04-04T19:58:06.000Z,53.998133,-2.577253,28,25200
2019-04-04T19:58:06.000Z,53.998133,-2.577253,28,25200
2019-04-04T19:58:53.000Z,53.99496,-2.578267,28,25240
2019-04-04T19:58:53.000Z,53.99496,-2.578267,28,25240
2019-04-04T19:58:53.000Z,53.99496,-2.578267,28,25240
2019-04-04T19:59:00.000Z,53.99448,-2.5784,28,25220
2019-04-04T19:59:00.000Z,53.99448,-2.5784,28,25220
2019-04-04T19:59:00.000Z,53.99448,-2.5784,28,25220
2019-04-04T20:40:54.000Z,53.81973299999999,-2.6379200000000003,31,25100
2019-04-04T20:40:54.000Z,53.81973299999999,-2.6379200000000003,31,25100
2019-04-04T20:40:54.000Z,53.81973299999999,-2.6379200000000003,31,25100
2019-04-04T20:48:21.000Z,53.7869,-2.6494880000000003,32,25100
2019-04-04T20:48:21.000Z,53.7869,-2.6494880000000003,32,25100
2019-04-04T20:48:21.000Z,53.7869,-2.6494880000000003,32,25100
2019-04-04T20:48:27.000Z,53.786373,-2.649673,32,25070
2019-04-04T20:48:27.000Z,53.786373,-2.649673,32,25070
2019-04-04T20:48:27.000Z,53.786373,-2.649673,32,25070
2019-04-04T20:50:21.000Z,53.77773199999999,-2.652757,32,25010
2019-04-04T20:50:21.000Z,53.77773199999999,-2.652757,32,25010
2019-04-04T20:50:21.000Z,53.77773199999999,-2.652757,32,25010
2019-04-04T21:03:04.000Z,53.719565,-2.673478,32,25000
2019-04-04T21:03:04.000Z,53.719565,-2.673478,32,25000
2019-04-04T21:03:04.000Z,53.719565,-2.673478,32,25000
2019-04-04T21:04:29.000Z,53.713092,-2.675773,32,25020
2019-04-04T21:04:29.000Z,53.713092,-2.675773,32,25020
2019-04-04T21:04:29.000Z,53.713092,-2.675773,32,25020
2019-04-04T21:04:41.000Z,53.712178,-2.676103,32,25020
2019-04-04T21:04:41.000Z,53.712178,-2.676103,32,25020
2019-04-04T21:04:41.000Z,53.712178,-2.676103,32,25020
2019-04-04T21:05:29.000Z,53.708513,-2.677478,32,25050
2019-04-04T21:05:29.000Z,53.708513,-2.677478,32,25050
2019-04-04T21:05:29.000Z,53.708513,-2.677478,32,25050
2019-04-04T22:04:56.000Z,53.437973,-2.775893,32,24810
2019-04-04T22:04:56.000Z,53.437973,-2.775893,32,24810
2019-04-04T22:04:56.000Z,53.437973,-2.775893,32,24810
2019-04-04T22:48:39.000Z,53.239312,-2.853327,32,24880
2019-04-04T22:48:39.000Z,53.239312,-2.853327,32,24880
2019-04-04T22:48:39.000Z,53.239312,-2.853327,32,24880
2019-04-04T23:16:07.000Z,53.121787,-2.89976,29,24920
2019-04-04T23:16:07.000Z,53.121787,-2.89976,29,24920
2019-04-04T23:16:07.000Z,53.121787,-2.89976,29,24920
2019-04-04T23:16:20.000Z,53.12096,-2.900053,29,24920
2019-04-04T23:16:20.000Z,53.12096,-2.900053,29,24920
2019-04-04T23:16:20.000Z,53.12096,-2.900053,29,24920
2019-04-04T23:20:02.000Z,53.104987,-2.90648,29,24870
2019-04-04T23:20:02.000Z,53.104987,-2.90648,29,24870
2019-04-04T23:20:02.000Z,53.104987,-2.90648,29,24870
2019-04-04T23:23:54.000Z,53.089973,-2.912453,29,24970
2019-04-04T23:23:55.000Z,53.088773,-2.912933,29,24900
2019-04-04T23:23:54.000Z,53.089973,-2.912453,29,24970
2019-04-04T23:23:54.000Z,53.089973,-2.912453,29,24970
2019-04-04T23:23:55.000Z,53.088773,-2.912933,29,24900
2019-04-04T23:24:01.000Z,53.088427,-2.913067,29,24890
2019-04-04T23:24:01.000Z,53.088427,-2.913067,29,24890
2019-04-04T23:24:01.000Z,53.088427,-2.913067,29,24890
2019-04-04T23:24:37.000Z,53.085973,-2.91408,28,24900
2019-04-04T23:24:37.000Z,53.085973,-2.91408,28,24900
2019-04-04T23:24:37.000Z,53.085973,-2.91408,28,24900
2019-04-04T23:27:08.000Z,53.075947,-2.918107,28,24800
2019-04-04T23:27:08.000Z,53.075947,-2.918107,28,24800
2019-04-04T23:27:08.000Z,53.075947,-2.918107,28,24800
2019-04-04T23:27:38.000Z,53.073973,-2.91888,28,24880
2019-04-04T23:27:38.000Z,53.073973,-2.91888,28,24880
2019-04-04T23:27:38.000Z,53.073973,-2.91888,28,24880
2019-04-04T23:28:20.000Z,53.0712,-2.919947,28,24870
2019-04-04T23:28:20.000Z,53.0712,-2.919947,28,24870
2019-04-04T23:28:20.000Z,53.0712,-2.919947,28,24870
2019-04-05T00:17:15.000Z,52.868347,-2.998053,32,24970
2019-04-05T00:17:15.000Z,52.868347,-2.998053,32,24970
2019-04-05T00:17:15.000Z,52.868347,-2.998053,32,24970
2019-04-05T00:17:51.000Z,52.86570699999999,-2.999067,32,24920
2019-04-05T00:17:51.000Z,52.86570699999999,-2.999067,32,24920
2019-04-05T00:17:51.000Z,52.86570699999999,-2.999067,32,24920
2019-04-05T00:17:57.000Z,52.865173,-2.99928,32,24900
2019-04-05T00:17:57.000Z,52.865173,-2.99928,32,24900
2019-04-05T00:17:57.000Z,52.865173,-2.99928,32,24900
2019-04-05T00:18:51.000Z,52.8612,-3.000773,32,24980
2019-04-05T00:18:51.000Z,52.8612,-3.000773,32,24980
2019-04-05T00:18:51.000Z,52.8612,-3.000773,32,24980
2019-04-05T00:18:57.000Z,52.86066700000001,-3.00096,32,24990
2019-04-05T00:18:57.000Z,52.86066700000001,-3.00096,32,24990
2019-04-05T00:18:57.000Z,52.86066700000001,-3.00096,32,24990
2019-04-05T00:19:16.000Z,52.85933299999999,-3.00144,32,25000
2019-04-05T00:19:16.000Z,52.85933299999999,-3.00144,32,25000
2019-04-05T00:19:16.000Z,52.85933299999999,-3.00144,32,25000
2019-04-05T00:19:57.000Z,52.85616,-3.002587,32,25040
2019-04-05T00:19:57.000Z,52.85616,-3.002587,32,25040
2019-04-05T00:19:57.000Z,52.85616,-3.002587,32,25040
2019-04-05T00:20:15.000Z,52.8548,-3.00304,31,25080
2019-04-05T00:20:15.000Z,52.8548,-3.00304,31,25080
2019-04-05T00:20:15.000Z,52.8548,-3.00304,31,25080
2019-04-05T00:21:03.000Z,52.85130699999999,-3.004293,31,25030
2019-04-05T00:21:03.000Z,52.85130699999999,-3.004293,31,25030
2019-04-05T00:21:03.000Z,52.85130699999999,-3.004293,31,25030
2019-04-05T00:21:28.000Z,52.84944,-3.004987,31,25000
2019-04-05T00:21:28.000Z,52.84944,-3.004987,31,25000
2019-04-05T00:21:28.000Z,52.84944,-3.004987,31,25000
2019-04-05T00:22:03.000Z,52.84682700000001,-3.005947,31,25020
2019-04-05T00:22:03.000Z,52.84682700000001,-3.005947,31,25020
2019-04-05T00:22:03.000Z,52.84682700000001,-3.005947,31,25020
2019-04-05T00:23:27.000Z,52.84048000000001,-3.008187,31,25040
2019-04-05T00:23:27.000Z,52.84048000000001,-3.008187,31,25040
2019-04-05T00:23:27.000Z,52.84048000000001,-3.008187,31,25040
2019-04-05T00:24:03.000Z,52.837813,-3.009173,31,24990
2019-04-05T00:24:03.000Z,52.837813,-3.009173,31,24990
2019-04-05T00:24:03.000Z,52.837813,-3.009173,31,24990
2019-04-05T00:25:39.000Z,52.830693,-3.011733,31,25010
2019-04-05T00:25:39.000Z,52.830693,-3.011733,31,25010
2019-04-05T00:25:39.000Z,52.830693,-3.011733,31,25010
2019-04-05T00:26:21.000Z,52.8276,-3.012907,31,24950
2019-04-05T00:26:21.000Z,52.8276,-3.012907,31,24950
2019-04-05T00:26:21.000Z,52.8276,-3.012907,31,24950
2019-04-05T00:26:33.000Z,52.8268,-3.013227,31,24940
2019-04-05T00:26:33.000Z,52.8268,-3.013227,31,24940
2019-04-05T00:26:33.000Z,52.8268,-3.013227,31,24940
2019-04-05T01:04:19.000Z,52.6732,-3.069573,28,25110
2019-04-05T01:04:19.000Z,52.6732,-3.069573,28,25110
2019-04-05T01:04:19.000Z,52.6732,-3.069573,28,25110
2019-04-05T02:10:31.000Z,52.41735300000001,-3.175567,27,24810
2019-04-05T02:10:31.000Z,52.41735300000001,-3.175567,27,24810
2019-04-05T02:10:31.000Z,52.41735300000001,-3.175567,27,24810
2019-04-05T02:10:42.000Z,52.416642,-3.175855,27,24800
2019-04-05T02:10:42.000Z,52.416642,-3.175855,27,24800
2019-04-05T02:10:42.000Z,52.416642,-3.175855,27,24800
2019-04-05T02:10:49.000Z,52.41619,-3.176042,27,24790
2019-04-05T02:10:49.000Z,52.41619,-3.176042,27,24790
2019-04-05T02:10:49.000Z,52.41619,-3.176042,27,24790
2019-04-05T02:11:37.000Z,52.413077,-3.17726,27,24870
2019-04-05T02:11:37.000Z,52.413077,-3.17726,27,24870
2019-04-05T02:11:37.000Z,52.413077,-3.17726,27,24870
2019-04-05T02:11:48.000Z,52.412298,-3.177565,27,24860
2019-04-05T02:11:48.000Z,52.412298,-3.177565,27,24860
2019-04-05T02:11:48.000Z,52.412298,-3.177565,27,24860
2019-04-05T02:13:31.000Z,52.405718,-3.180205,27,24750
2019-04-05T02:13:24.000Z,52.406165,-3.180017,27,24760
2019-04-05T02:13:24.000Z,52.406165,-3.180017,27,24760
2019-04-05T02:13:31.000Z,52.405718,-3.180205,27,24750
2019-04-05T02:13:31.000Z,52.405718,-3.180205,27,24750
2019-04-05T02:13:24.000Z,52.406165,-3.180017,27,24760
2019-04-05T02:14:23.000Z,52.402267,-3.1816,27,24880
2019-04-05T02:14:23.000Z,52.402267,-3.1816,27,24880
2019-04-05T02:14:23.000Z,52.402267,-3.1816,27,24880
2019-04-05T03:17:54.000Z,52.15569,-3.276095,27,24940
2019-04-05T03:17:54.000Z,52.15569,-3.276095,27,24940
2019-04-05T03:17:54.000Z,52.15569,-3.276095,27,24940
2019-04-05T03:50:00.000Z,52.030328,-3.322553,27,24940
2019-04-05T03:50:00.000Z,52.030328,-3.322553,27,24940
2019-04-05T03:50:00.000Z,52.030328,-3.322553,27,24940
2019-04-05T04:55:31.000Z,51.770622,-3.350345,26,26880
2019-04-05T04:55:31.000Z,51.770622,-3.350345,26,26880
2019-04-05T04:55:31.000Z,51.770622,-3.350345,26,26880
2019-04-05T04:55:52.000Z,51.76902800000001,-3.350397,26,26800
2019-04-05T04:55:52.000Z,51.76902800000001,-3.350397,26,26800
2019-04-05T04:55:52.000Z,51.76902800000001,-3.350397,26,26800
2019-04-05T04:55:55.000Z,51.76902800000001,-3.350397,26,26800
2019-04-05T04:55:55.000Z,51.76902800000001,-3.350397,26,26800
2019-04-05T04:55:55.000Z,51.76902800000001,-3.350397,26,26800
2019-04-05T04:56:03.000Z,51.768298,-3.350427,26,26760
2019-04-05T04:56:03.000Z,51.768298,-3.350427,26,26760
2019-04-05T04:56:06.000Z,51.768298,-3.350427,26,26760
2019-04-05T04:56:03.000Z,51.768298,-3.350427,26,26760
2019-04-05T04:56:06.000Z,51.768298,-3.350427,26,26760
2019-04-05T04:56:06.000Z,51.768298,-3.350427,26,26760
2019-04-05T04:56:58.000Z,51.764658,-3.350638,26,26640
2019-04-05T04:56:58.000Z,51.764658,-3.350638,26,26640
2019-04-05T04:56:58.000Z,51.764658,-3.350638,26,26640
2019-04-05T04:57:01.000Z,51.764658,-3.350638,26,26640
2019-04-05T04:57:01.000Z,51.764658,-3.350638,26,26640
2019-04-05T04:57:01.000Z,51.764658,-3.350638,26,26640
2019-04-05T04:57:06.000Z,51.764328000000006,-3.350667,26,26590
2019-04-05T04:57:06.000Z,51.764328000000006,-3.350667,26,26590
2019-04-05T04:57:06.000Z,51.764328000000006,-3.350667,26,26590
2019-04-05T04:57:16.000Z,51.763467,-3.350717,26,26620
2019-04-05T04:57:16.000Z,51.763467,-3.350717,26,26620
2019-04-05T04:57:16.000Z,51.763467,-3.350717,26,26620
2019-04-05T04:57:19.000Z,51.763467,-3.350717,26,26620
2019-04-05T04:57:19.000Z,51.763467,-3.350717,26,26620
2019-04-05T04:57:19.000Z,51.763467,-3.350717,26,26620
2019-04-05T04:57:52.000Z,51.761072,-3.350863,26,26680
2019-04-05T04:57:52.000Z,51.761072,-3.350863,26,26680
2019-04-05T04:57:52.000Z,51.761072,-3.350863,26,26680
2019-04-05T04:58:43.000Z,51.757863,-3.350992,26,26770
2019-04-05T04:58:43.000Z,51.757863,-3.350992,26,26770
2019-04-05T04:58:43.000Z,51.757863,-3.350992,26,26770
2019-04-05T04:58:52.000Z,51.75706,-3.351022,26,26770
2019-04-05T04:58:52.000Z,51.75706,-3.351022,26,26770
2019-04-05T04:58:52.000Z,51.75706,-3.351022,26,26770
2019-04-05T04:59:48.000Z,51.753455,-3.351182,26,26710
2019-04-05T04:59:48.000Z,51.753455,-3.351182,26,26710
2019-04-05T04:59:49.000Z,51.753455,-3.351182,26,26710
2019-04-05T04:59:49.000Z,51.753455,-3.351182,26,26710
2019-04-05T04:59:49.000Z,51.753455,-3.351182,26,26710
2019-04-05T04:59:48.000Z,51.753455,-3.351182,26,26710
2019-04-05T05:01:25.000Z,51.747107,-3.35152,26,26760
2019-04-05T05:01:25.000Z,51.747107,-3.35152,26,26760
2019-04-05T05:01:25.000Z,51.747107,-3.35152,26,26760
2019-04-05T05:02:18.000Z,51.743608,-3.351667,26,26750
2019-04-05T05:02:18.000Z,51.743608,-3.351667,26,26750
2019-04-05T05:02:18.000Z,51.743608,-3.351667,26,26750
2019-04-05T05:51:19.000Z,51.544785,-3.35849,26,26840
2019-04-05T05:51:19.000Z,51.544785,-3.35849,26,26840
2019-04-05T05:51:19.000Z,51.544785,-3.35849,26,26840
2019-04-05T06:32:23.000Z,51.38322700000001,-3.37232,26,26640
2019-04-05T06:32:23.000Z,51.38322700000001,-3.37232,26,26640
2019-04-05T06:32:23.000Z,51.38322700000001,-3.37232,26,26640
2019-04-05T06:38:19.000Z,51.359093,-3.37384,26,26730
2019-04-05T06:38:19.000Z,51.359093,-3.37384,26,26730
2019-04-05T06:38:19.000Z,51.359093,-3.37384,26,26730
2019-04-05T06:38:25.000Z,51.358613,-3.37384,26,26720
2019-04-05T06:38:25.000Z,51.358613,-3.37384,26,26720
2019-04-05T06:38:25.000Z,51.358613,-3.37384,26,26720
2019-04-05T06:39:18.000Z,51.35512,-3.37408,26,26590
2019-04-05T06:39:18.000Z,51.35512,-3.37408,26,26590
2019-04-05T06:39:18.000Z,51.35512,-3.37408,26,26590
2019-04-05T06:39:49.000Z,51.353067,-3.374213,26,26590
2019-04-05T06:39:49.000Z,51.353067,-3.374213,26,26590
2019-04-05T06:39:49.000Z,51.353067,-3.374213,26,26590
2019-04-05T06:42:19.000Z,51.343173,-3.374747,26,26750
2019-04-05T06:42:19.000Z,51.343173,-3.374747,26,26750
2019-04-05T06:42:19.000Z,51.343173,-3.374747,26,26750
2019-04-05T06:42:25.000Z,51.342693,-3.374773,26,26700
2019-04-05T06:42:25.000Z,51.342693,-3.374773,26,26700
2019-04-05T06:42:25.000Z,51.342693,-3.374773,26,26700
2019-04-05T06:59:49.000Z,51.274,-3.3783730000000003,26,26660
2019-04-05T06:59:49.000Z,51.274,-3.3783730000000003,26,26660
2019-04-05T06:59:49.000Z,51.274,-3.3783730000000003,26,26660
2019-04-05T07:22:37.000Z,51.183227,-3.3837870000000003,26,26480
2019-04-05T07:22:37.000Z,51.183227,-3.3837870000000003,26,26480
2019-04-05T07:22:37.000Z,51.183227,-3.3837870000000003,26,26480
2019-04-05T07:22:42.000Z,51.182907,-3.38384,26,26460
2019-04-05T07:22:42.000Z,51.182907,-3.38384,26,26460
2019-04-05T07:22:42.000Z,51.182907,-3.38384,26,26460
2019-04-05T07:23:01.000Z,51.181707,-3.383947,26,26460
2019-04-05T07:23:01.000Z,51.181707,-3.383947,26,26460
2019-04-05T07:23:01.000Z,51.181707,-3.383947,26,26460
2019-04-05T07:23:54.000Z,51.178133,-3.384267,26,26500
2019-04-05T07:23:54.000Z,51.178133,-3.384267,26,26500
2019-04-05T07:23:54.000Z,51.178133,-3.384267,26,26500
2019-04-05T07:24:01.000Z,51.177733,-3.384293,26,26490
2019-04-05T07:24:01.000Z,51.177733,-3.384293,26,26490
2019-04-05T07:24:01.000Z,51.177733,-3.384293,26,26490
2019-04-05T07:24:54.000Z,51.17413300000001,-3.384587,26,26590
2019-04-05T07:24:54.000Z,51.17413300000001,-3.384587,26,26590
2019-04-05T07:24:54.000Z,51.17413300000001,-3.384587,26,26590
2019-04-05T07:25:00.000Z,51.173733,-3.384613,26,26580
2019-04-05T07:25:00.000Z,51.173733,-3.384613,26,26580
2019-04-05T07:25:00.000Z,51.173733,-3.384613,26,26580
2019-04-05T07:50:38.000Z,51.071333,-3.392667,26,26700
2019-04-05T07:50:38.000Z,51.071333,-3.392667,26,26700
2019-04-05T07:50:38.000Z,51.071333,-3.392667,26,26700
2019-04-05T08:24:20.000Z,50.93696,-3.399413,26,26700
2019-04-05T08:24:20.000Z,50.93696,-3.399413,26,26700
2019-04-05T08:24:20.000Z,50.93696,-3.399413,26,26700
2019-04-05T08:59:35.000Z,50.7956,-3.40784,26,26550
2019-04-05T08:59:35.000Z,50.7956,-3.40784,26,26550
2019-04-05T08:59:35.000Z,50.7956,-3.40784,26,26550
2019-04-05T09:00:10.000Z,50.793147,-3.408,26,26600
2019-04-05T09:00:10.000Z,50.793147,-3.408,26,26600
2019-04-05T09:00:10.000Z,50.793147,-3.408,26,26600
2019-04-05T09:00:47.000Z,50.79072,-3.40816,26,26660
2019-04-05T09:00:47.000Z,50.79072,-3.40816,26,26660
2019-04-05T09:00:47.000Z,50.79072,-3.40816,26,26660
2019-04-05T09:01:04.000Z,50.789573,-3.408213,26,26690
2019-04-05T09:01:04.000Z,50.789573,-3.408213,26,26690
2019-04-05T09:01:04.000Z,50.789573,-3.408213,26,26690
2019-04-05T09:01:23.000Z,50.78832,-3.408293,26,26670
2019-04-05T09:01:23.000Z,50.78832,-3.408293,26,26670
2019-04-05T09:01:23.000Z,50.78832,-3.408293,26,26670
2019-04-05T09:01:35.000Z,50.787573,-3.408347,26,26660
2019-04-05T09:01:35.000Z,50.787573,-3.408347,26,26660
2019-04-05T09:01:35.000Z,50.787573,-3.408347,26,26660
2019-04-05T09:02:35.000Z,50.783573,-3.40864,26,26590
2019-04-05T09:02:35.000Z,50.783573,-3.40864,26,26590
2019-04-05T09:02:35.000Z,50.783573,-3.40864,26,26590
2019-04-05T09:03:05.000Z,50.7816,-3.408747,26,26620
2019-04-05T09:03:05.000Z,50.7816,-3.408747,26,26620
2019-04-05T09:03:05.000Z,50.7816,-3.408747,26,26620
2019-04-05T09:03:17.000Z,50.78072,-3.408827,26,26640
2019-04-05T09:03:17.000Z,50.78072,-3.408827,26,26640
2019-04-05T09:03:17.000Z,50.78072,-3.408827,26,26640
2019-04-05T09:03:34.000Z,50.7796,-3.4088800000000004,26,26670
2019-04-05T09:03:34.000Z,50.7796,-3.4088800000000004,26,26670
2019-04-05T09:03:40.000Z,50.7792,-3.408907,26,26650
2019-04-05T09:03:40.000Z,50.7792,-3.408907,26,26650
2019-04-05T09:03:34.000Z,50.7796,-3.4088800000000004,26,26670
2019-04-05T09:03:40.000Z,50.7792,-3.408907,26,26650
2019-04-05T09:03:46.000Z,50.7788,-3.408933,26,26670
2019-04-05T09:03:46.000Z,50.7788,-3.408933,26,26670
2019-04-05T09:03:46.000Z,50.7788,-3.408933,26,26670
2019-04-05T09:03:52.000Z,50.7784,-3.40896,26,26660
2019-04-05T09:03:52.000Z,50.7784,-3.40896,26,26660
2019-04-05T09:03:52.000Z,50.7784,-3.40896,26,26660
2019-04-05T09:04:04.000Z,50.7776,-3.409013,26,26660
2019-04-05T09:04:04.000Z,50.7776,-3.409013,26,26660
2019-04-05T09:04:04.000Z,50.7776,-3.409013,26,26660
2019-04-05T09:04:23.000Z,50.776213,-3.409067,26,26670
2019-04-05T09:04:23.000Z,50.776213,-3.409067,26,26670
2019-04-05T09:04:23.000Z,50.776213,-3.409067,26,26670
2019-04-05T09:04:47.000Z,50.7748,-3.40912,26,26620
2019-04-05T09:04:47.000Z,50.7748,-3.40912,26,26620
2019-04-05T09:04:47.000Z,50.7748,-3.40912,26,26620
2019-04-05T09:05:04.000Z,50.77362700000001,-3.4092,26,26590
2019-04-05T09:05:04.000Z,50.77362700000001,-3.4092,26,26590
2019-04-05T09:05:04.000Z,50.77362700000001,-3.4092,26,26590
2019-04-05T09:05:16.000Z,50.772827,-3.409253,26,26600
2019-04-05T09:05:16.000Z,50.772827,-3.409253,26,26600
2019-04-05T09:05:16.000Z,50.772827,-3.409253,26,26600
2019-04-05T09:05:46.000Z,50.770853,-3.409387,26,26600
2019-04-05T09:05:46.000Z,50.770853,-3.409387,26,26600
2019-04-05T09:05:46.000Z,50.770853,-3.409387,26,26600
2019-04-05T09:22:14.000Z,50.70592,-3.41344,26,26690
2019-04-05T09:22:14.000Z,50.70592,-3.41344,26,26690
2019-04-05T09:22:14.000Z,50.70592,-3.41344,26,26690
2019-04-05T09:23:03.000Z,50.70272,-3.4136,26,26680
2019-04-05T09:23:03.000Z,50.70272,-3.4136,26,26680
2019-04-05T09:23:03.000Z,50.70272,-3.4136,26,26680
2019-04-05T09:23:21.000Z,50.701547,-3.4136800000000003,26,26660
2019-04-05T09:23:21.000Z,50.701547,-3.4136800000000003,26,26660
2019-04-05T09:23:21.000Z,50.701547,-3.4136800000000003,26,26660
2019-04-05T09:30:38.000Z,50.671573,-3.4156800000000005,26,26450
2019-04-05T09:30:38.000Z,50.671573,-3.4156800000000005,26,26450
2019-04-05T09:30:38.000Z,50.671573,-3.4156800000000005,26,26450
2019-04-05T10:25:45.000Z,50.451573,-3.43352,26,26630
2019-04-05T10:25:45.000Z,50.451573,-3.43352,26,26630
2019-04-05T10:25:45.000Z,50.451573,-3.43352,26,26630
2019-04-05T10:57:51.000Z,50.32511,-3.44133,26,26520
2019-04-05T10:57:51.000Z,50.32511,-3.44133,26,26520
2019-04-05T10:57:51.000Z,50.32511,-3.44133,26,26520
2019-04-05T11:03:31.000Z,50.30272,-3.442853,26,26600
2019-04-05T11:03:31.000Z,50.30272,-3.442853,26,26600
2019-04-05T11:03:31.000Z,50.30272,-3.442853,26,26600
2019-04-05T11:05:25.000Z,50.2952,-3.4433870000000004,26,26640
2019-04-05T11:05:25.000Z,50.2952,-3.4433870000000004,26,26640
2019-04-05T11:05:25.000Z,50.2952,-3.4433870000000004,26,26640
2019-04-05T11:06:08.000Z,50.292507,-3.44352,26,26740
2019-04-05T11:06:08.000Z,50.292507,-3.44352,26,26740
2019-04-05T11:06:08.000Z,50.292507,-3.44352,26,26740
2019-04-05T11:07:07.000Z,50.288587,-3.443707,26,26690
2019-04-05T11:07:07.000Z,50.288587,-3.443707,26,26690
2019-04-05T11:07:07.000Z,50.288587,-3.443707,26,26690
2019-04-05T11:07:20.000Z,50.28776,-3.4437330000000004,26,26690
2019-04-05T11:07:20.000Z,50.28776,-3.4437330000000004,26,26690
2019-04-05T11:07:20.000Z,50.28776,-3.4437330000000004,26,26690
2019-04-05T11:07:52.000Z,50.28576,-3.443867,26,26670
2019-04-05T11:07:52.000Z,50.28576,-3.443867,26,26670
2019-04-05T11:07:52.000Z,50.28576,-3.443867,26,26670
2019-04-05T11:08:01.000Z,50.28496,-3.443893,26,26680
2019-04-05T11:08:01.000Z,50.28496,-3.443893,26,26680
2019-04-05T11:08:01.000Z,50.28496,-3.443893,26,26680
2019-04-05T11:09:49.000Z,50.277947,-3.44424,26,26680
2019-04-05T11:09:49.000Z,50.277947,-3.44424,26,26680
2019-04-05T11:09:49.000Z,50.277947,-3.44424,26,26680
2019-04-05T11:10:13.000Z,50.276453,-3.44432,26,26650
2019-04-05T11:10:13.000Z,50.276453,-3.44432,26,26650
2019-04-05T11:10:13.000Z,50.276453,-3.44432,26,26650
2019-04-05T11:10:31.000Z,50.27528,-3.444373,25,26660
2019-04-05T11:10:31.000Z,50.27528,-3.444373,25,26660
2019-04-05T11:10:31.000Z,50.27528,-3.444373,25,26660
2019-04-05T13:54:00.000Z,49.62504000000001,-3.48656,26,26500
2019-04-05T13:54:00.000Z,49.62504000000001,-3.48656,26,26500
2019-04-05T13:54:00.000Z,49.62504000000001,-3.48656,26,26500
2019-04-05T13:55:05.000Z,49.620747,-3.486933,26,26510
2019-04-05T13:55:05.000Z,49.620747,-3.486933,26,26510
2019-04-05T13:55:05.000Z,49.620747,-3.486933,26,26510
2019-04-05T13:55:41.000Z,49.618373,-3.487147,26,26500
2019-04-05T13:55:41.000Z,49.618373,-3.487147,26,26500
2019-04-05T13:55:41.000Z,49.618373,-3.487147,26,26500
2019-04-05T13:56:29.000Z,49.615227,-3.487413,26,26510
2019-04-05T13:56:29.000Z,49.615227,-3.487413,26,26510
2019-04-05T13:56:29.000Z,49.615227,-3.487413,26,26510
2019-04-05T13:57:00.000Z,49.61328,-3.4875730000000003,26,26500
2019-04-05T13:57:00.000Z,49.61328,-3.4875730000000003,26,26500
2019-04-05T13:57:00.000Z,49.61328,-3.4875730000000003,26,26500
2019-04-05T13:57:24.000Z,49.611627,-3.487733,26,26490
2019-04-05T13:57:24.000Z,49.611627,-3.487733,26,26490
2019-04-05T13:57:24.000Z,49.611627,-3.487733,26,26490
2019-04-05T13:57:59.000Z,49.609333,-3.48792,26,26500
2019-04-05T13:57:59.000Z,49.609333,-3.48792,26,26500
2019-04-05T13:57:59.000Z,49.609333,-3.48792,26,26500
2019-04-05T13:58:17.000Z,49.60816,-3.488027,26,26530
2019-04-05T13:58:23.000Z,49.607707,-3.48808,26,26520
2019-04-05T13:58:17.000Z,49.60816,-3.488027,26,26530
2019-04-05T13:58:17.000Z,49.60816,-3.488027,26,26530
2019-04-05T13:58:23.000Z,49.607707,-3.48808,26,26520
2019-04-05T13:58:29.000Z,49.607387,-3.48808,26,26560
2019-04-05T13:58:29.000Z,49.607387,-3.48808,26,26560
2019-04-05T13:58:23.000Z,49.607707,-3.48808,26,26520
2019-04-05T13:58:29.000Z,49.607387,-3.48808,26,26560
2019-04-05T13:58:59.000Z,49.605413,-3.48824,26,26580
2019-04-05T13:58:59.000Z,49.605413,-3.48824,26,26580
2019-04-05T13:58:59.000Z,49.605413,-3.48824,26,26580
2019-04-05T13:59:29.000Z,49.603467,-3.488373,26,26620
2019-04-05T13:59:29.000Z,49.603467,-3.488373,26,26620
2019-04-05T13:59:29.000Z,49.603467,-3.488373,26,26620
2019-04-05T14:00:29.000Z,49.599547,-3.4885870000000003,26,26660
2019-04-05T14:00:17.000Z,49.60032,-3.48856,26,26670
2019-04-05T14:00:17.000Z,49.60032,-3.48856,26,26670
2019-04-05T14:00:17.000Z,49.60032,-3.48856,26,26670
2019-04-05T14:00:41.000Z,49.598747,-3.48864,26,26680
2019-04-05T14:00:41.000Z,49.598747,-3.48864,26,26680
2019-04-05T14:00:29.000Z,49.599547,-3.4885870000000003,26,26660
2019-04-05T14:00:41.000Z,49.598747,-3.48864,26,26680
2019-04-05T14:00:29.000Z,49.599547,-3.4885870000000003,26,26660
2019-04-05T14:00:59.000Z,49.597573,-3.48872,26,26650
2019-04-05T14:00:59.000Z,49.597573,-3.48872,26,26650
2019-04-05T14:00:59.000Z,49.597573,-3.48872,26,26650
2019-04-05T15:51:55.000Z,49.160095,-3.51426,27,26560
2019-04-05T15:51:55.000Z,49.160095,-3.51426,27,26560
2019-04-05T15:51:55.000Z,49.160095,-3.51426,27,26560
2019-04-05T15:53:55.000Z,49.152002,-3.51495,27,26520
2019-04-05T15:53:55.000Z,49.152002,-3.51495,27,26520
2019-04-05T15:53:55.000Z,49.152002,-3.51495,27,26520
2019-04-05T16:10:30.000Z,49.08501500000001,-3.520838,27,26480
2019-04-05T16:10:30.000Z,49.08501500000001,-3.520838,27,26480
2019-04-05T16:10:30.000Z,49.08501500000001,-3.520838,27,26480
2019-04-05T17:22:30.000Z,48.799917,-3.53775,26,26690
2019-04-05T17:22:30.000Z,48.799917,-3.53775,26,26690
2019-04-05T17:22:30.000Z,48.799917,-3.53775,26,26690
2019-04-05T17:53:28.000Z,48.6768,-3.545627,26,26650
2019-04-05T17:53:28.000Z,48.6768,-3.545627,26,26650
2019-04-05T17:53:28.000Z,48.6768,-3.545627,26,26650
2019-04-05T18:32:34.000Z,48.5168,-3.579947,28,25400
2019-04-05T18:32:34.000Z,48.5168,-3.579947,28,25400
2019-04-05T18:32:34.000Z,48.5168,-3.579947,28,25400
2019-04-05T18:35:34.000Z,48.504267,-3.5832269999999995,28,25570
2019-04-05T18:35:34.000Z,48.504267,-3.5832269999999995,28,25570
2019-04-05T18:35:34.000Z,48.504267,-3.5832269999999995,28,25570
2019-04-05T18:36:05.000Z,48.502107,-3.58376,28,25620
2019-04-05T18:35:58.000Z,48.502587,-3.583653,28,25570
2019-04-05T18:36:05.000Z,48.502107,-3.58376,28,25620
2019-04-05T18:35:58.000Z,48.502587,-3.583653,28,25570
2019-04-05T18:36:05.000Z,48.502107,-3.58376,28,25620
2019-04-05T18:35:58.000Z,48.502587,-3.583653,28,25570
2019-04-05T18:36:17.000Z,48.501333,-3.5839730000000003,28,25630
2019-04-05T18:36:17.000Z,48.501333,-3.5839730000000003,28,25630
2019-04-05T18:36:17.000Z,48.501333,-3.5839730000000003,28,25630
2019-04-05T18:36:42.000Z,48.499573,-3.5843730000000003,28,25680
2019-04-05T18:36:48.000Z,48.499173,-3.584453,28,25700
2019-04-05T18:36:48.000Z,48.499173,-3.584453,28,25700
2019-04-05T18:36:42.000Z,48.499573,-3.5843730000000003,28,25680
2019-04-05T18:36:48.000Z,48.499173,-3.584453,28,25700
2019-04-05T18:36:42.000Z,48.499573,-3.5843730000000003,28,25680
2019-04-05T18:37:05.000Z,48.497893,-3.584773,28,25690
2019-04-05T18:37:05.000Z,48.497893,-3.584773,28,25690
2019-04-05T18:37:11.000Z,48.497547,-3.584853,28,25670
2019-04-05T18:37:11.000Z,48.497547,-3.584853,28,25670
2019-04-05T18:37:11.000Z,48.497547,-3.584853,28,25670
2019-04-05T18:37:05.000Z,48.497893,-3.584773,28,25690
2019-04-05T18:37:23.000Z,48.49664,-3.585067,28,25630
2019-04-05T18:37:23.000Z,48.49664,-3.585067,28,25630
2019-04-05T18:37:23.000Z,48.49664,-3.585067,28,25630
2019-04-05T18:37:53.000Z,48.494533,-3.585627,28,25540
2019-04-05T18:37:53.000Z,48.494533,-3.585627,28,25540
2019-04-05T18:37:53.000Z,48.494533,-3.585627,28,25540
2019-04-05T18:38:23.000Z,48.49245300000001,-3.586213,29,25450
2019-04-05T18:38:23.000Z,48.49245300000001,-3.586213,29,25450
2019-04-05T18:38:23.000Z,48.49245300000001,-3.586213,29,25450
2019-04-05T18:38:30.000Z,48.492027,-3.58632,29,25450
2019-04-05T18:38:30.000Z,48.492027,-3.58632,29,25450
2019-04-05T18:38:30.000Z,48.492027,-3.58632,29,25450
2019-04-05T18:38:35.000Z,48.4916,-3.586427,29,25440
2019-04-05T18:38:35.000Z,48.4916,-3.586427,29,25440
2019-04-05T18:38:35.000Z,48.4916,-3.586427,29,25440
2019-04-05T18:39:35.000Z,48.487387,-3.5875470000000003,29,25580
2019-04-05T18:39:35.000Z,48.487387,-3.5875470000000003,29,25580
2019-04-05T18:39:35.000Z,48.487387,-3.5875470000000003,29,25580
2019-04-05T18:41:42.000Z,48.478453,-3.5897330000000003,29,25580
2019-04-05T18:41:42.000Z,48.478453,-3.5897330000000003,29,25580
2019-04-05T18:41:42.000Z,48.478453,-3.5897330000000003,29,25580
2019-04-05T19:03:08.000Z,48.382827,-3.61376,32,25580
2019-04-05T19:03:08.000Z,48.382827,-3.61376,32,25580
2019-04-05T19:03:08.000Z,48.382827,-3.61376,32,25580
2019-04-05T19:04:09.000Z,48.37808,-3.614987,32,25590
2019-04-05T19:04:09.000Z,48.37808,-3.614987,32,25590
2019-04-05T19:04:09.000Z,48.37808,-3.614987,32,25590
2019-04-05T19:04:14.000Z,48.3776,-3.615093,32,25590
2019-04-05T19:04:14.000Z,48.3776,-3.615093,32,25590
2019-04-05T19:04:14.000Z,48.3776,-3.615093,32,25590
2019-04-05T19:04:56.000Z,48.374267,-3.61592,32,25510
2019-04-05T19:04:56.000Z,48.374267,-3.61592,32,25510
2019-04-05T19:04:51.000Z,48.374667,-3.61584,32,25520
2019-04-05T19:04:51.000Z,48.374667,-3.61584,32,25520
2019-04-05T19:04:51.000Z,48.374667,-3.61584,32,25520
2019-04-05T19:04:56.000Z,48.374267,-3.61592,32,25510
2019-04-05T19:05:26.000Z,48.371893,-3.616587,32,25460
2019-04-05T19:05:26.000Z,48.371893,-3.616587,32,25460
2019-04-05T19:05:26.000Z,48.371893,-3.616587,32,25460
2019-04-05T19:05:56.000Z,48.36952,-3.617227,32,25480
2019-04-05T19:05:56.000Z,48.36952,-3.617227,32,25480
2019-04-05T19:05:56.000Z,48.36952,-3.617227,32,25480
2019-04-05T19:06:32.000Z,48.366587,-3.617973,32,25560
2019-04-05T19:06:32.000Z,48.366587,-3.617973,32,25560
2019-04-05T19:06:32.000Z,48.366587,-3.617973,32,25560
2019-04-05T19:07:51.000Z,48.3604,-3.61944,32,25650
2019-04-05T19:07:51.000Z,48.3604,-3.61944,32,25650
2019-04-05T19:07:51.000Z,48.3604,-3.61944,32,25650
2019-04-05T19:08:14.000Z,48.358587,-3.619893,32,25630
2019-04-05T19:08:14.000Z,48.358587,-3.619893,32,25630
2019-04-05T19:08:14.000Z,48.358587,-3.619893,32,25630
2019-04-05T19:08:28.000Z,48.357573,-3.620133,32,25630
2019-04-05T19:08:28.000Z,48.357573,-3.620133,32,25630
2019-04-05T19:08:28.000Z,48.357573,-3.620133,32,25630
2019-04-05T19:08:40.000Z,48.356613,-3.620373,32,25600
2019-04-05T19:08:40.000Z,48.356613,-3.620373,32,25600
2019-04-05T19:08:40.000Z,48.356613,-3.620373,32,25600
2019-04-05T19:09:27.000Z,48.352853,-3.621307,32,25580
2019-04-05T19:09:27.000Z,48.352853,-3.621307,32,25580
2019-04-05T19:09:27.000Z,48.352853,-3.621307,32,25580
2019-04-05T19:09:33.000Z,48.352373,-3.621413,32,25590
2019-04-05T19:09:33.000Z,48.352373,-3.621413,32,25590
2019-04-05T19:09:40.000Z,48.351893,-3.621547,32,25580
2019-04-05T19:09:33.000Z,48.352373,-3.621413,32,25590
2019-04-05T19:09:40.000Z,48.351893,-3.621547,32,25580
2019-04-05T19:09:40.000Z,48.351893,-3.621547,32,25580
2019-04-05T19:09:51.000Z,48.35096,-3.62176,32,25620
2019-04-05T19:09:51.000Z,48.35096,-3.62176,32,25620
2019-04-05T19:09:51.000Z,48.35096,-3.62176,32,25620
2019-04-05T19:10:33.000Z,48.347627,-3.622587,32,25630
2019-04-05T19:10:33.000Z,48.347627,-3.622587,32,25630
2019-04-05T19:10:33.000Z,48.347627,-3.622587,32,25630
2019-04-05T19:10:51.000Z,48.346213,-3.622933,32,25560
2019-04-05T19:10:51.000Z,48.346213,-3.622933,32,25560
2019-04-05T19:10:51.000Z,48.346213,-3.622933,32,25560
2019-04-05T19:11:15.000Z,48.34432,-3.623413,32,25550
2019-04-05T19:11:15.000Z,48.34432,-3.623413,32,25550
2019-04-05T19:11:15.000Z,48.34432,-3.623413,32,25550
2019-04-05T19:16:17.000Z,48.319707,-3.62936,32,25570
2019-04-05T19:16:17.000Z,48.319707,-3.62936,32,25570
2019-04-05T19:16:17.000Z,48.319707,-3.62936,32,25570
2019-04-05T19:40:42.000Z,48.20335,-3.65015,30,26750
2019-04-05T19:40:42.000Z,48.20335,-3.65015,30,26750
2019-04-05T19:40:42.000Z,48.20335,-3.65015,30,26750
2019-04-05T19:58:20.000Z,48.127737,-3.647588,26,27360
2019-04-05T19:58:20.000Z,48.127737,-3.647588,26,27360
2019-04-05T19:58:20.000Z,48.127737,-3.647588,26,27360
2019-04-05T19:59:09.000Z,48.124565,-3.647403,26,27290
2019-04-05T19:59:09.000Z,48.124565,-3.647403,26,27290
2019-04-05T19:59:09.000Z,48.124565,-3.647403,26,27290
2019-04-05T19:59:51.000Z,48.121693,-3.647238,26,27320
2019-04-05T19:59:51.000Z,48.121693,-3.647238,26,27320
2019-04-05T19:59:51.000Z,48.121693,-3.647238,26,27320
2019-04-05T19:59:57.000Z,48.121305,-3.647213,26,27320
2019-04-05T19:59:57.000Z,48.121305,-3.647213,26,27320
2019-04-05T19:59:57.000Z,48.121305,-3.647213,26,27320
2019-04-05T20:02:31.000Z,48.11056,-3.64672,26,27290
2019-04-05T20:02:31.000Z,48.11056,-3.64672,26,27290
2019-04-05T20:02:31.000Z,48.11056,-3.64672,26,27290
2019-04-05T20:08:01.000Z,48.08872,-3.645547,26,27420
2019-04-05T20:08:01.000Z,48.08872,-3.645547,26,27420
2019-04-05T20:08:01.000Z,48.08872,-3.645547,26,27420
2019-04-05T20:29:00.000Z,48.008347,-3.639573,25,27480
2019-04-05T20:29:00.000Z,48.008347,-3.639573,25,27480
2019-04-05T20:29:00.000Z,48.008347,-3.639573,25,27480
2019-04-05T20:38:48.000Z,47.971337,-3.636473000000001,25,27440
2019-04-05T20:38:48.000Z,47.971337,-3.636473000000001,25,27440
2019-04-05T20:38:48.000Z,47.971337,-3.636473000000001,25,27440
2019-04-05T21:09:17.000Z,47.856993,-3.6248,24,27720
2019-04-05T21:09:17.000Z,47.856993,-3.6248,24,27720
2019-04-05T21:09:17.000Z,47.856993,-3.6248,24,27720
2019-04-05T21:21:34.000Z,47.812042,-3.619057,24,27780
2019-04-05T21:21:34.000Z,47.812042,-3.619057,24,27780
2019-04-05T21:21:34.000Z,47.812042,-3.619057,24,27780
2019-04-05T21:34:20.000Z,47.766198,-3.612708,24,27810
2019-04-05T21:34:20.000Z,47.766198,-3.612708,24,27810
2019-04-05T21:34:20.000Z,47.766198,-3.612708,24,27810
2019-04-05T21:34:40.000Z,47.765002,-3.61252,24,27860
2019-04-05T21:34:40.000Z,47.765002,-3.61252,24,27860
2019-04-05T21:34:40.000Z,47.765002,-3.61252,24,27860
2019-04-05T22:55:04.000Z,47.46496,-3.61864,25,26390
2019-04-05T22:55:04.000Z,47.46496,-3.61864,25,26390
2019-04-05T22:55:04.000Z,47.46496,-3.61864,25,26390
2019-04-05T23:00:34.000Z,47.44384,-3.620373,25,26390
2019-04-05T23:00:34.000Z,47.44384,-3.620373,25,26390
2019-04-05T23:00:34.000Z,47.44384,-3.620373,25,26390
2019-04-05T23:09:59.000Z,47.408285,-3.624042,25,26360
2019-04-05T23:09:59.000Z,47.408285,-3.624042,25,26360
2019-04-05T23:09:59.000Z,47.408285,-3.624042,25,26360
2019-04-05T23:37:20.000Z,47.303947,-3.633573,25,26680
2019-04-05T23:37:20.000Z,47.303947,-3.633573,25,26680
2019-04-05T23:37:20.000Z,47.303947,-3.633573,25,26680
2019-04-05T23:38:30.000Z,47.299547,-3.633787,25,26700
2019-04-05T23:38:30.000Z,47.299547,-3.633787,25,26700
2019-04-05T23:38:30.000Z,47.299547,-3.633787,25,26700
2019-04-05T23:38:50.000Z,47.298267,-3.633867,25,26650
2019-04-05T23:38:50.000Z,47.298267,-3.633867,25,26650
2019-04-05T23:39:00.000Z,47.297653,-3.63392,25,26650
2019-04-05T23:38:50.000Z,47.298267,-3.633867,25,26650
2019-04-05T23:39:00.000Z,47.297653,-3.63392,25,26650
2019-04-05T23:39:00.000Z,47.297653,-3.63392,25,26650
2019-04-05T23:39:11.000Z,47.297093,-3.633947,25,26630
2019-04-05T23:39:11.000Z,47.297093,-3.633947,25,26630
2019-04-05T23:39:11.000Z,47.297093,-3.633947,25,26630
2019-04-05T23:39:29.000Z,47.29576,-3.634053,25,26630
2019-04-05T23:39:29.000Z,47.29576,-3.634053,25,26630
2019-04-05T23:39:29.000Z,47.29576,-3.634053,25,26630
2019-04-05T23:39:49.000Z,47.294507,-3.634133,25,26670
2019-04-05T23:39:49.000Z,47.294507,-3.634133,25,26670
2019-04-05T23:39:49.000Z,47.294507,-3.634133,25,26670
2019-04-05T23:40:08.000Z,47.293307,-3.634187,25,26670
2019-04-05T23:40:08.000Z,47.293307,-3.634187,25,26670
2019-04-05T23:40:08.000Z,47.293307,-3.634187,25,26670
2019-04-05T23:40:29.000Z,47.292,-3.634267,25,26680
2019-04-05T23:40:29.000Z,47.292,-3.634267,25,26680
2019-04-05T23:40:29.000Z,47.292,-3.634267,25,26680
2019-04-05T23:40:49.000Z,47.290747,-3.634347,25,26680
2019-04-05T23:40:49.000Z,47.290747,-3.634347,25,26680
2019-04-05T23:40:49.000Z,47.290747,-3.634347,25,26680
2019-04-05T23:41:29.000Z,47.28824,-3.63448,25,26710
2019-04-05T23:41:29.000Z,47.28824,-3.63448,25,26710
2019-04-05T23:41:29.000Z,47.28824,-3.63448,25,26710
2019-04-06T00:29:44.000Z,47.109787,-3.644747,24,26740
2019-04-06T00:29:44.000Z,47.109787,-3.644747,24,26740
2019-04-06T00:29:44.000Z,47.109787,-3.644747,24,26740
2019-04-06T00:31:03.000Z,47.104827,-3.645013,24,26650
2019-04-06T00:31:03.000Z,47.104827,-3.645013,24,26650
2019-04-06T00:31:03.000Z,47.104827,-3.645013,24,26650
2019-04-06T00:31:13.000Z,47.104293,-3.645067,24,26670
2019-04-06T00:31:13.000Z,47.104293,-3.645067,24,26670
2019-04-06T00:31:13.000Z,47.104293,-3.645067,24,26670
2019-04-06T00:32:24.000Z,47.099947,-3.645253,24,26720
2019-04-06T00:32:24.000Z,47.099947,-3.645253,24,26720
2019-04-06T00:32:24.000Z,47.099947,-3.645253,24,26720
2019-04-06T00:32:32.000Z,47.09944,-3.64528,24,26730
2019-04-06T00:32:32.000Z,47.09944,-3.64528,24,26730
2019-04-06T00:32:32.000Z,47.09944,-3.64528,24,26730
2019-04-06T00:32:44.000Z,47.09872,-3.645307,24,26760
2019-04-06T00:32:44.000Z,47.09872,-3.645307,24,26760
2019-04-06T00:32:44.000Z,47.09872,-3.645307,24,26760
2019-04-06T00:33:02.000Z,47.0976,-3.64536,24,26750
2019-04-06T00:33:02.000Z,47.0976,-3.64536,24,26750
2019-04-06T00:33:02.000Z,47.0976,-3.64536,24,26750
2019-04-06T00:33:13.000Z,47.096933,-3.645387,24,26740
2019-04-06T00:33:13.000Z,47.096933,-3.645387,24,26740
2019-04-06T00:33:13.000Z,47.096933,-3.645387,24,26740
2019-04-06T00:33:24.000Z,47.09624,-3.645413,24,26760
2019-04-06T00:33:24.000Z,47.09624,-3.645413,24,26760
2019-04-06T00:33:24.000Z,47.09624,-3.645413,24,26760
2019-04-06T00:34:02.000Z,47.093893,-3.645547,24,26710
2019-04-06T00:34:02.000Z,47.093893,-3.645547,24,26710
2019-04-06T00:34:02.000Z,47.093893,-3.645547,24,26710
2019-04-06T00:34:33.000Z,47.092027,-3.645627,24,26680
2019-04-06T00:34:33.000Z,47.092027,-3.645627,24,26680
2019-04-06T00:34:33.000Z,47.092027,-3.645627,24,26680
2019-04-06T00:35:14.000Z,47.089467,-3.645813,24,26640
2019-04-06T00:35:14.000Z,47.089467,-3.645813,24,26640
2019-04-06T00:35:14.000Z,47.089467,-3.645813,24,26640
2019-04-06T00:36:44.000Z,47.083947,-3.64608,24,26750
2019-04-06T00:36:44.000Z,47.083947,-3.64608,24,26750
2019-04-06T00:36:44.000Z,47.083947,-3.64608,24,26750
2019-04-06T00:37:13.000Z,47.082107,-3.64616,24,26750
2019-04-06T00:37:13.000Z,47.082107,-3.64616,24,26750
2019-04-06T00:37:13.000Z,47.082107,-3.64616,24,26750
2019-04-06T00:37:23.000Z,47.081573,-3.646187,24,26730
2019-04-06T00:37:23.000Z,47.081573,-3.646187,24,26730
2019-04-06T00:37:23.000Z,47.081573,-3.646187,24,26730
2019-04-06T00:38:03.000Z,47.079147,-3.646293,24,26710
2019-04-06T00:38:03.000Z,47.079147,-3.646293,24,26710
2019-04-06T00:38:03.000Z,47.079147,-3.646293,24,26710
2019-04-06T00:40:46.000Z,47.069235,-3.646822,24,26580
2019-04-06T00:40:46.000Z,47.069235,-3.646822,24,26580
2019-04-06T00:40:46.000Z,47.069235,-3.646822,24,26580
2019-04-06T01:50:18.000Z,46.816907,-3.66112,24,26600
2019-04-06T01:50:18.000Z,46.816907,-3.66112,24,26600
2019-04-06T01:50:18.000Z,46.816907,-3.66112,24,26600
2019-04-06T01:50:26.000Z,46.8164,-3.661147,24,26590
2019-04-06T01:50:26.000Z,46.8164,-3.661147,24,26590
2019-04-06T01:50:26.000Z,46.8164,-3.661147,24,26590
2019-04-06T01:51:26.000Z,46.812773,-3.66136,24,26640
2019-04-06T01:51:26.000Z,46.812773,-3.66136,24,26640
2019-04-06T01:51:26.000Z,46.812773,-3.66136,24,26640
2019-04-06T01:51:38.000Z,46.81205300000001,-3.661413,24,26650
2019-04-06T01:51:38.000Z,46.81205300000001,-3.661413,24,26650
2019-04-06T01:51:48.000Z,46.811493,-3.66144,24,26650
2019-04-06T01:51:38.000Z,46.81205300000001,-3.661413,24,26650
2019-04-06T01:51:48.000Z,46.811493,-3.66144,24,26650
2019-04-06T01:51:48.000Z,46.811493,-3.66144,24,26650
2019-04-06T01:52:08.000Z,46.810293,-3.66152,24,26650
2019-04-06T01:52:08.000Z,46.810293,-3.66152,24,26650
2019-04-06T01:52:08.000Z,46.810293,-3.66152,24,26650
2019-04-06T01:52:57.000Z,46.807333,-3.661707,24,26630
2019-04-06T01:52:57.000Z,46.807333,-3.661707,24,26630
2019-04-06T01:52:57.000Z,46.807333,-3.661707,24,26630
2019-04-06T01:53:08.000Z,46.806667,-3.66176,24,26600
2019-04-06T01:53:08.000Z,46.806667,-3.66176,24,26600
2019-04-06T01:53:08.000Z,46.806667,-3.66176,24,26600
2019-04-06T01:53:17.000Z,46.806133,-3.661813,24,26590
2019-04-06T01:53:17.000Z,46.806133,-3.661813,24,26590
2019-04-06T01:53:17.000Z,46.806133,-3.661813,24,26590
2019-04-06T01:53:27.000Z,46.805547,-3.661867,24,26600
2019-04-06T01:53:27.000Z,46.805547,-3.661867,24,26600
2019-04-06T01:53:27.000Z,46.805547,-3.661867,24,26600
2019-04-06T01:53:38.000Z,46.804827,-3.66192,24,26620
2019-04-06T01:53:38.000Z,46.804827,-3.66192,24,26620
2019-04-06T01:53:38.000Z,46.804827,-3.66192,24,26620
2019-04-06T01:53:57.000Z,46.803733,-3.661973,24,26600
2019-04-06T01:53:57.000Z,46.803733,-3.661973,24,26600
2019-04-06T01:53:57.000Z,46.803733,-3.661973,24,26600
2019-04-06T01:54:37.000Z,46.801253,-3.662133,24,26630
2019-04-06T01:54:37.000Z,46.801253,-3.662133,24,26630
2019-04-06T01:54:37.000Z,46.801253,-3.662133,24,26630
2019-04-06T01:56:38.000Z,46.79405300000001,-3.662587,24,26670
2019-04-06T01:56:38.000Z,46.79405300000001,-3.662587,24,26670
2019-04-06T01:56:38.000Z,46.79405300000001,-3.662587,24,26670
2019-04-06T01:56:49.000Z,46.793387,-3.66264,24,26640
2019-04-06T01:56:49.000Z,46.793387,-3.66264,24,26640
2019-04-06T01:56:49.000Z,46.793387,-3.66264,24,26640
2019-04-06T01:57:37.000Z,46.790453,-3.662827,24,26630
2019-04-06T01:57:37.000Z,46.790453,-3.662827,24,26630
2019-04-06T01:57:37.000Z,46.790453,-3.662827,24,26630
2019-04-06T03:48:31.000Z,46.388998,-3.693283,24,26590
2019-04-06T03:48:31.000Z,46.388998,-3.693283,24,26590
2019-04-06T03:48:31.000Z,46.388998,-3.693283,24,26590
2019-04-06T03:50:07.000Z,46.38287,-3.693637,24,26680
2019-04-06T03:50:07.000Z,46.38287,-3.693637,24,26680
2019-04-06T03:50:07.000Z,46.38287,-3.693637,24,26680
2019-04-06T03:50:29.000Z,46.381652,-3.693697,24,26700
2019-04-06T03:50:29.000Z,46.381652,-3.693697,24,26700
2019-04-06T03:50:29.000Z,46.381652,-3.693697,24,26700
2019-04-06T03:51:07.000Z,46.3793,-3.693822,24,26680
2019-04-06T03:51:07.000Z,46.3793,-3.693822,24,26680
2019-04-06T03:51:07.000Z,46.3793,-3.693822,24,26680
2019-04-06T03:51:09.000Z,46.3793,-3.693822,24,26680
2019-04-06T03:51:09.000Z,46.3793,-3.693822,24,26680
2019-04-06T03:51:09.000Z,46.3793,-3.693822,24,26680
2019-04-06T03:51:28.000Z,46.378163,-3.693878,24,26680
2019-04-06T03:51:28.000Z,46.378163,-3.693878,24,26680
2019-04-06T03:51:28.000Z,46.378163,-3.693878,24,26680
2019-04-06T03:51:58.000Z,46.376293,-3.693977,24,26710
2019-04-06T03:51:58.000Z,46.376293,-3.693977,24,26710
2019-04-06T03:51:58.000Z,46.376293,-3.693977,24,26710
2019-04-06T03:52:36.000Z,46.373877,-3.694107,24,26700
2019-04-06T03:52:36.000Z,46.373877,-3.694107,24,26700
2019-04-06T03:52:38.000Z,46.373877,-3.694107,24,26700
2019-04-06T03:52:38.000Z,46.373877,-3.694107,24,26700
2019-04-06T03:52:36.000Z,46.373877,-3.694107,24,26700
2019-04-06T03:52:38.000Z,46.373877,-3.694107,24,26700
2019-04-06T03:52:57.000Z,46.372663,-3.694167,24,26720
2019-04-06T03:52:57.000Z,46.372663,-3.694167,24,26720
2019-04-06T03:52:57.000Z,46.372663,-3.694167,24,26720
2019-04-06T03:52:58.000Z,46.372663,-3.694167,24,26720
2019-04-06T03:52:58.000Z,46.372663,-3.694167,24,26720
2019-04-06T03:52:58.000Z,46.372663,-3.694167,24,26720
2019-04-06T03:53:26.000Z,46.370907,-3.694258,24,26700
2019-04-06T03:53:26.000Z,46.370907,-3.694258,24,26700
2019-04-06T03:53:26.000Z,46.370907,-3.694258,24,26700
2019-04-06T03:53:37.000Z,46.37024,-3.694295,24,26700
2019-04-06T03:53:37.000Z,46.37024,-3.694295,24,26700
2019-04-06T03:53:37.000Z,46.37024,-3.694295,24,26700
2019-04-06T04:09:39.000Z,46.31242,-3.696712,24,26760
2019-04-06T04:09:39.000Z,46.31242,-3.696712,24,26760
2019-04-06T04:09:39.000Z,46.31242,-3.696712,24,26760
2019-04-06T05:26:46.000Z,46.036533,-3.711573000000001,24,26510
2019-04-06T05:26:46.000Z,46.036533,-3.711573000000001,24,26510
2019-04-06T05:26:46.000Z,46.036533,-3.711573000000001,24,26510
2019-04-06T06:42:35.000Z,45.761413,-3.731573000000001,24,26670
2019-04-06T06:42:35.000Z,45.761413,-3.731573000000001,24,26670
2019-04-06T06:42:35.000Z,45.761413,-3.731573000000001,24,26670
2019-04-06T06:48:48.000Z,45.738267,-3.73288,24,26730
2019-04-06T06:48:48.000Z,45.738267,-3.73288,24,26730
2019-04-06T06:48:48.000Z,45.738267,-3.73288,24,26730
2019-04-06T06:49:56.000Z,45.734133,-3.73312,24,26620
2019-04-06T06:49:56.000Z,45.734133,-3.73312,24,26620
2019-04-06T06:49:56.000Z,45.734133,-3.73312,24,26620
2019-04-06T07:09:22.000Z,45.66408,-3.737573,24,26610
2019-04-06T07:09:22.000Z,45.66408,-3.737573,24,26610
2019-04-06T07:09:22.000Z,45.66408,-3.737573,24,26610
2019-04-06T07:27:39.000Z,45.598107,-3.742347,24,26420
2019-04-06T07:27:39.000Z,45.598107,-3.742347,24,26420
2019-04-06T07:27:39.000Z,45.598107,-3.742347,24,26420
2019-04-06T07:28:39.000Z,45.594453,-3.742613,24,26680
2019-04-06T07:28:39.000Z,45.594453,-3.742613,24,26680
2019-04-06T07:28:39.000Z,45.594453,-3.742613,24,26680
2019-04-06T07:34:22.000Z,45.573733,-3.74344,24,26720
2019-04-06T07:34:22.000Z,45.573733,-3.74344,24,26720
2019-04-06T07:34:22.000Z,45.573733,-3.74344,24,26720
2019-04-06T07:55:09.000Z,45.497307,-3.746987,24,26630
2019-04-06T07:55:09.000Z,45.497307,-3.746987,24,26630
2019-04-06T07:55:09.000Z,45.497307,-3.746987,24,26630
2019-04-06T08:04:28.000Z,45.463147,-3.74936,24,26580
2019-04-06T08:04:28.000Z,45.463147,-3.74936,24,26580
2019-04-06T08:04:28.000Z,45.463147,-3.74936,24,26580
2019-04-06T08:04:48.000Z,45.461947,-3.749413,24,26610
2019-04-06T08:04:48.000Z,45.461947,-3.749413,24,26610
2019-04-06T08:04:48.000Z,45.461947,-3.749413,24,26610
2019-04-06T08:05:08.000Z,45.460747,-3.749493,24,26610
2019-04-06T08:05:08.000Z,45.460747,-3.749493,24,26610
2019-04-06T08:05:08.000Z,45.460747,-3.749493,24,26610
2019-04-06T08:29:31.000Z,45.3712,-3.758293,24,26340
2019-04-06T08:29:31.000Z,45.3712,-3.758293,24,26340
2019-04-06T08:29:31.000Z,45.3712,-3.758293,24,26340
2019-04-06T08:32:27.000Z,45.359653,-3.759467,24,26490
2019-04-06T08:32:27.000Z,45.359653,-3.759467,24,26490
2019-04-06T08:32:27.000Z,45.359653,-3.759467,24,26490
2019-04-06T08:32:36.000Z,45.35912,-3.75952,24,26480
2019-04-06T08:32:36.000Z,45.35912,-3.75952,24,26480
2019-04-06T08:32:36.000Z,45.35912,-3.75952,24,26480
2019-04-06T08:32:56.000Z,45.357893,-3.759627,24,26480
2019-04-06T08:32:56.000Z,45.357893,-3.759627,24,26480
2019-04-06T08:32:56.000Z,45.357893,-3.759627,24,26480
2019-04-06T08:33:47.000Z,45.354773,-3.759893,24,26460
2019-04-06T08:33:47.000Z,45.354773,-3.759893,24,26460
2019-04-06T08:33:47.000Z,45.354773,-3.759893,24,26460
2019-04-06T08:34:17.000Z,45.352933,-3.760053,24,26470
2019-04-06T08:34:17.000Z,45.352933,-3.760053,24,26470
2019-04-06T08:34:17.000Z,45.352933,-3.760053,24,26470
2019-04-06T08:34:27.000Z,45.35232,-3.760133,24,26430
2019-04-06T08:34:27.000Z,45.35232,-3.760133,24,26430
2019-04-06T08:34:27.000Z,45.35232,-3.760133,24,26430
2019-04-06T08:34:36.000Z,45.35176,-3.760187,24,26450
2019-04-06T08:34:36.000Z,45.35176,-3.760187,24,26450
2019-04-06T08:34:36.000Z,45.35176,-3.760187,24,26450
2019-04-06T08:34:56.000Z,45.350533,-3.760293,24,26420
2019-04-06T08:34:56.000Z,45.350533,-3.760293,24,26420
2019-04-06T08:34:56.000Z,45.350533,-3.760293,24,26420
2019-04-06T09:01:20.000Z,45.25536,-3.76528,24,26830
2019-04-06T09:01:20.000Z,45.25536,-3.76528,24,26830
2019-04-06T09:01:20.000Z,45.25536,-3.76528,24,26830
2019-04-06T09:02:19.000Z,45.25168,-3.76544,24,26770
2019-04-06T09:02:19.000Z,45.25168,-3.76544,24,26770
2019-04-06T09:02:19.000Z,45.25168,-3.76544,24,26770
2019-04-06T09:02:38.000Z,45.250587,-3.765493,24,26750
2019-04-06T09:02:38.000Z,45.250587,-3.765493,24,26750
2019-04-06T09:02:38.000Z,45.250587,-3.765493,24,26750
2019-04-06T09:02:58.000Z,45.249307,-3.765547,24,26750
2019-04-06T09:02:58.000Z,45.249307,-3.765547,24,26750
2019-04-06T09:02:58.000Z,45.249307,-3.765547,24,26750
2019-04-06T09:03:28.000Z,45.247547,-3.765627,24,26770
2019-04-06T09:03:28.000Z,45.247547,-3.765627,24,26770
2019-04-06T09:03:28.000Z,45.247547,-3.765627,24,26770
2019-04-06T09:03:47.000Z,45.24632,-3.765653,24,26800
2019-04-06T09:03:47.000Z,45.24632,-3.765653,24,26800
2019-04-06T09:03:47.000Z,45.24632,-3.765653,24,26800
2019-04-06T09:04:07.000Z,45.245093,-3.76568,24,26840
2019-04-06T09:04:07.000Z,45.245093,-3.76568,24,26840
2019-04-06T09:04:07.000Z,45.245093,-3.76568,24,26840
2019-04-06T09:04:38.000Z,45.24328,-3.765733,24,26870
2019-04-06T09:04:38.000Z,45.24328,-3.765733,24,26870
2019-04-06T09:04:38.000Z,45.24328,-3.765733,24,26870
2019-04-06T09:04:58.000Z,45.24205300000001,-3.76576,24,26860
2019-04-06T09:04:58.000Z,45.24205300000001,-3.76576,24,26860
2019-04-06T09:04:58.000Z,45.24205300000001,-3.76576,24,26860
2019-04-06T09:05:07.000Z,45.241493,-3.765787,24,26870
2019-04-06T09:05:07.000Z,45.241493,-3.765787,24,26870
2019-04-06T09:05:07.000Z,45.241493,-3.765787,24,26870
2019-04-06T09:05:18.000Z,45.240907,-3.765787,24,26870
2019-04-06T09:05:18.000Z,45.240907,-3.765787,24,26870
2019-04-06T09:05:18.000Z,45.240907,-3.765787,24,26870
2019-04-06T09:05:39.000Z,45.239653,-3.765813,24,26850
2019-04-06T09:05:39.000Z,45.239653,-3.765813,24,26850
2019-04-06T09:05:39.000Z,45.239653,-3.765813,24,26850
2019-04-06T09:06:18.000Z,45.237307,-3.765867,24,26860
2019-04-06T09:06:18.000Z,45.237307,-3.765867,24,26860
2019-04-06T09:06:18.000Z,45.237307,-3.765867,24,26860
2019-04-06T09:06:48.000Z,45.23552,-3.765893,24,26850
2019-04-06T09:06:48.000Z,45.23552,-3.765893,24,26850
2019-04-06T09:06:48.000Z,45.23552,-3.765893,24,26850
2019-04-06T09:06:58.000Z,45.234853,-3.76592,24,26850
2019-04-06T09:06:58.000Z,45.234853,-3.76592,24,26850
2019-04-06T09:06:58.000Z,45.234853,-3.76592,24,26850
2019-04-06T09:07:18.000Z,45.23368,-3.765947,24,26840
2019-04-06T09:07:18.000Z,45.23368,-3.765947,24,26840
2019-04-06T09:07:18.000Z,45.23368,-3.765947,24,26840
2019-04-06T09:08:43.000Z,45.228773,-3.766133,24,26770
2019-04-06T09:08:43.000Z,45.228773,-3.766133,24,26770
2019-04-06T09:08:43.000Z,45.228773,-3.766133,24,26770
2019-04-06T09:08:52.000Z,45.22824,-3.766133,24,26780
2019-04-06T09:08:52.000Z,45.22824,-3.766133,24,26780
2019-04-06T09:08:52.000Z,45.22824,-3.766133,24,26780
2019-04-06T09:37:48.000Z,45.124048,-3.770815,23,26580
2019-04-06T09:37:48.000Z,45.124048,-3.770815,23,26580
2019-04-06T09:37:48.000Z,45.124048,-3.770815,23,26580
2019-04-06T09:38:10.000Z,45.122267,-3.770987,23,26510
2019-04-06T09:38:10.000Z,45.122267,-3.770987,23,26510
2019-04-06T09:38:10.000Z,45.122267,-3.770987,23,26510
2019-04-06T09:38:19.000Z,45.12168,-3.77104,23,26510
2019-04-06T09:38:19.000Z,45.12168,-3.77104,23,26510
2019-04-06T09:38:19.000Z,45.12168,-3.77104,23,26510
2019-04-06T09:38:29.000Z,45.121067,-3.771093,23,26500
2019-04-06T09:38:29.000Z,45.121067,-3.771093,23,26500
2019-04-06T09:38:29.000Z,45.121067,-3.771093,23,26500
2019-04-06T09:39:10.000Z,45.118693,-3.771333,23,26500
2019-04-06T09:39:10.000Z,45.118693,-3.771333,23,26500
2019-04-06T09:39:10.000Z,45.118693,-3.771333,23,26500
2019-04-06T09:39:50.000Z,45.116293,-3.77152,23,26540
2019-04-06T09:39:50.000Z,45.116293,-3.77152,23,26540
2019-04-06T09:39:50.000Z,45.116293,-3.77152,23,26540
2019-04-06T10:29:36.000Z,44.937947,-3.785707,24,26580
2019-04-06T10:29:36.000Z,44.937947,-3.785707,24,26580
2019-04-06T10:29:36.000Z,44.937947,-3.785707,24,26580
2019-04-06T10:29:47.000Z,44.937333,-3.78576,24,26580
2019-04-06T10:29:47.000Z,44.937333,-3.78576,24,26580
2019-04-06T10:29:47.000Z,44.937333,-3.78576,24,26580
2019-04-06T10:30:46.000Z,44.93368,-3.786,24,26650
2019-04-06T10:30:46.000Z,44.93368,-3.786,24,26650
2019-04-06T10:30:46.000Z,44.93368,-3.786,24,26650
2019-04-06T10:31:07.000Z,44.932453,-3.786053,24,26690
2019-04-06T10:31:07.000Z,44.932453,-3.786053,24,26690
2019-04-06T10:31:07.000Z,44.932453,-3.786053,24,26690
2019-04-06T10:31:17.000Z,44.931787,-3.78608,24,26680
2019-04-06T10:31:17.000Z,44.931787,-3.78608,24,26680
2019-04-06T10:31:17.000Z,44.931787,-3.78608,24,26680
2019-04-06T10:32:07.000Z,44.9288,-3.786267,24,26650
2019-04-06T10:32:07.000Z,44.9288,-3.786267,24,26650
2019-04-06T10:32:07.000Z,44.9288,-3.786267,24,26650
2019-04-06T10:32:57.000Z,44.92576,-3.786453,24,26640
2019-04-06T10:32:57.000Z,44.92576,-3.786453,24,26640
2019-04-06T10:32:57.000Z,44.92576,-3.786453,24,26640
2019-04-06T10:35:44.000Z,44.914827,-3.787093,24,26620
2019-04-06T10:35:44.000Z,44.914827,-3.787093,24,26620
2019-04-06T10:35:44.000Z,44.914827,-3.787093,24,26620
2019-04-06T10:36:34.000Z,44.911733,-3.78728,24,26640
2019-04-06T10:36:34.000Z,44.911733,-3.78728,24,26640
2019-04-06T10:36:34.000Z,44.911733,-3.78728,24,26640
2019-04-06T10:36:44.000Z,44.911173,-3.787333,24,26640
2019-04-06T10:36:44.000Z,44.911173,-3.787333,24,26640
2019-04-06T10:36:44.000Z,44.911173,-3.787333,24,26640
2019-04-06T10:36:54.000Z,44.91056,-3.78736,24,26640
2019-04-06T10:36:54.000Z,44.91056,-3.78736,24,26640
2019-04-06T10:36:54.000Z,44.91056,-3.78736,24,26640
2019-04-06T10:37:03.000Z,44.910027,-3.787387,24,26640
2019-04-06T10:37:03.000Z,44.910027,-3.787387,24,26640
2019-04-06T10:37:03.000Z,44.910027,-3.787387,24,26640
2019-04-06T10:37:22.000Z,44.9088,-3.787467,24,26650
2019-04-06T10:37:22.000Z,44.9088,-3.787467,24,26650
2019-04-06T10:37:22.000Z,44.9088,-3.787467,24,26650
2019-04-06T10:37:53.000Z,44.906933,-3.7876,24,26630
2019-04-06T10:37:53.000Z,44.906933,-3.7876,24,26630
2019-04-06T10:37:53.000Z,44.906933,-3.7876,24,26630
2019-04-06T10:38:03.000Z,44.906373,-3.787627,24,26620
2019-04-06T10:38:03.000Z,44.906373,-3.787627,24,26620
2019-04-06T10:38:03.000Z,44.906373,-3.787627,24,26620
2019-04-06T10:38:15.000Z,44.90576,-3.787653,24,26600
2019-04-06T10:38:15.000Z,44.90576,-3.787653,24,26600
2019-04-06T10:38:15.000Z,44.90576,-3.787653,24,26600
2019-04-06T10:38:22.000Z,44.905173,-3.787707,24,26620
2019-04-06T10:38:22.000Z,44.905173,-3.787707,24,26620
2019-04-06T10:38:22.000Z,44.905173,-3.787707,24,26620
2019-04-06T10:38:32.000Z,44.90456,-3.787733,24,26620
2019-04-06T10:38:32.000Z,44.90456,-3.787733,24,26620
2019-04-06T10:38:32.000Z,44.90456,-3.787733,24,26620
2019-04-06T10:38:44.000Z,44.903893,-3.787787,24,26580
2019-04-06T10:38:44.000Z,44.903893,-3.787787,24,26580
2019-04-06T10:38:44.000Z,44.903893,-3.787787,24,26580
2019-04-06T10:39:07.000Z,44.899638,-3.788068,24,26600
2019-04-06T10:39:07.000Z,44.899638,-3.788068,24,26600
2019-04-06T10:39:07.000Z,44.899638,-3.788068,24,26600
2019-04-06T10:39:43.000Z,44.90024,-3.788027,24,26600
2019-04-06T10:39:43.000Z,44.90024,-3.788027,24,26600
2019-04-06T10:39:43.000Z,44.90024,-3.788027,24,26600
2019-04-06T13:01:47.000Z,44.383007,-3.821905,24,26530
2019-04-06T13:01:47.000Z,44.383007,-3.821905,24,26530
2019-04-06T13:01:47.000Z,44.383007,-3.821905,24,26530
2019-04-06T13:03:47.000Z,44.375792,-3.82252,24,26460
2019-04-06T13:03:47.000Z,44.375792,-3.82252,24,26460
2019-04-06T13:03:47.000Z,44.375792,-3.82252,24,26460
2019-04-06T13:39:18.000Z,44.247253,-3.82928,24,26720
2019-04-06T13:39:18.000Z,44.247253,-3.82928,24,26720
2019-04-06T13:39:18.000Z,44.247253,-3.82928,24,26720
2019-04-06T13:39:37.000Z,44.246107,-3.829333,24,26730
2019-04-06T13:39:37.000Z,44.246107,-3.829333,24,26730
2019-04-06T13:39:37.000Z,44.246107,-3.829333,24,26730
2019-04-06T13:39:46.000Z,44.245493,-3.82936,24,26690
2019-04-06T13:39:46.000Z,44.245493,-3.82936,24,26690
2019-04-06T13:39:46.000Z,44.245493,-3.82936,24,26690
2019-04-06T13:40:18.000Z,44.243547,-3.82944,24,26700
2019-04-06T13:40:18.000Z,44.243547,-3.82944,24,26700
2019-04-06T13:40:18.000Z,44.243547,-3.82944,24,26700
2019-04-06T13:40:37.000Z,44.24245300000001,-3.829493,24,26690
2019-04-06T13:40:37.000Z,44.24245300000001,-3.829493,24,26690
2019-04-06T13:40:37.000Z,44.24245300000001,-3.829493,24,26690
2019-04-06T13:40:57.000Z,44.2412,-3.829547,24,26690
2019-04-06T13:40:57.000Z,44.2412,-3.829547,24,26690
2019-04-06T13:40:57.000Z,44.2412,-3.829547,24,26690
2019-04-06T13:41:47.000Z,44.238213,-3.829707,24,26710
2019-04-06T13:41:47.000Z,44.238213,-3.829707,24,26710
2019-04-06T13:41:47.000Z,44.238213,-3.829707,24,26710
2019-04-06T13:42:07.000Z,44.237067,-3.829787,24,26700
2019-04-06T13:42:07.000Z,44.237067,-3.829787,24,26700
2019-04-06T13:42:07.000Z,44.237067,-3.829787,24,26700
2019-04-06T13:42:37.000Z,44.235253,-3.829867,24,26700
2019-04-06T13:42:37.000Z,44.235253,-3.829867,24,26700
2019-04-06T13:42:37.000Z,44.235253,-3.829867,24,26700
2019-04-06T13:42:48.000Z,44.234587,-3.82992,24,26690
2019-04-06T13:42:48.000Z,44.234587,-3.82992,24,26690
2019-04-06T13:42:48.000Z,44.234587,-3.82992,24,26690
2019-04-06T13:42:58.000Z,44.234,-3.829947,24,26730
2019-04-06T13:42:58.000Z,44.234,-3.829947,24,26730
2019-04-06T13:42:58.000Z,44.234,-3.829947,24,26730
2019-04-06T13:43:19.000Z,44.23272,-3.83,24,26710
2019-04-06T13:43:19.000Z,44.23272,-3.83,24,26710
2019-04-06T13:43:19.000Z,44.23272,-3.83,24,26710
2019-04-06T13:43:47.000Z,44.23096,-3.83008,24,26730
2019-04-06T13:43:47.000Z,44.23096,-3.83008,24,26730
2019-04-06T13:43:47.000Z,44.23096,-3.83008,24,26730
2019-04-06T14:46:06.000Z,44.005263,-3.844548000000001,24,26520
2019-04-06T14:46:06.000Z,44.005263,-3.844548000000001,24,26520
2019-04-06T14:46:06.000Z,44.005263,-3.844548000000001,24,26520
2019-04-06T15:17:17.000Z,43.89224,-3.853493,23,26650
2019-04-06T15:17:17.000Z,43.89224,-3.853493,23,26650
2019-04-06T15:17:17.000Z,43.89224,-3.853493,23,26650
2019-04-06T15:17:49.000Z,43.890427,-3.8536,23,26690
2019-04-06T15:17:49.000Z,43.890427,-3.8536,23,26690
2019-04-06T15:17:49.000Z,43.890427,-3.8536,23,26690
2019-04-06T15:17:57.000Z,43.88984,-3.853627,23,26730
2019-04-06T15:17:57.000Z,43.88984,-3.853627,23,26730
2019-04-06T15:17:57.000Z,43.88984,-3.853627,23,26730
2019-04-06T15:18:07.000Z,43.889253,-3.853653,23,26720
2019-04-06T15:18:07.000Z,43.889253,-3.853653,23,26720
2019-04-06T15:18:07.000Z,43.889253,-3.853653,23,26720
2019-04-06T15:24:10.000Z,43.867573,-3.854375,24,26810
2019-04-06T15:24:10.000Z,43.867573,-3.854375,24,26810
2019-04-06T15:24:10.000Z,43.867573,-3.854375,24,26810
2019-04-06T16:11:58.000Z,43.693925,-3.861487,24,26460
2019-04-06T16:11:58.000Z,43.693925,-3.861487,24,26460
2019-04-06T16:11:58.000Z,43.693925,-3.861487,24,26460
2019-04-06T16:12:08.000Z,43.693322,-3.861548,24,26430
2019-04-06T16:12:08.000Z,43.693322,-3.861548,24,26430
2019-04-06T16:12:08.000Z,43.693322,-3.861548,24,26430
2019-04-06T16:12:18.000Z,43.692718,-3.861605,24,26440
2019-04-06T16:12:18.000Z,43.692718,-3.861605,24,26440
2019-04-06T16:12:18.000Z,43.692718,-3.861605,24,26440
2019-04-06T16:12:39.000Z,43.691513,-3.861725,24,26450
2019-04-06T16:12:39.000Z,43.691513,-3.861725,24,26450
2019-04-06T16:12:39.000Z,43.691513,-3.861725,24,26450
2019-04-06T16:12:58.000Z,43.69032,-3.861842,24,26450
2019-04-06T16:12:58.000Z,43.69032,-3.861842,24,26450
2019-04-06T16:12:58.000Z,43.69032,-3.861842,24,26450
2019-04-06T16:14:08.000Z,43.68610200000001,-3.862195,24,26540
2019-04-06T16:14:08.000Z,43.68610200000001,-3.862195,24,26540
2019-04-06T16:14:08.000Z,43.68610200000001,-3.862195,24,26540
2019-04-06T16:30:53.000Z,43.625272,-3.867297,23,26490
2019-04-06T16:30:53.000Z,43.625272,-3.867297,23,26490
2019-04-06T16:30:53.000Z,43.625272,-3.867297,23,26490
2019-04-06T16:32:26.000Z,43.619995,-3.867675,23,26690
2019-04-06T16:32:26.000Z,43.619995,-3.867675,23,26690
2019-04-06T16:32:26.000Z,43.619995,-3.867675,23,26690
2019-04-06T17:32:18.000Z,43.40573300000001,-3.881893,24,26620
2019-04-06T17:32:18.000Z,43.40573300000001,-3.881893,24,26620
2019-04-06T17:32:18.000Z,43.40573300000001,-3.881893,24,26620
2019-04-06T18:02:05.000Z,43.299332,-3.88834,23,26740
2019-04-06T18:02:05.000Z,43.299332,-3.88834,23,26740
2019-04-06T18:02:05.000Z,43.299332,-3.88834,23,26740
2019-04-06T18:11:53.000Z,43.263638,-3.890512,24,26600
2019-04-06T18:11:53.000Z,43.263638,-3.890512,24,26600
2019-04-06T18:11:53.000Z,43.263638,-3.890512,24,26600
2019-04-06T18:12:12.000Z,43.262483,-3.890597,24,26610
2019-04-06T18:12:12.000Z,43.262483,-3.890597,24,26610
2019-04-06T18:12:12.000Z,43.262483,-3.890597,24,26610
2019-04-06T18:12:23.000Z,43.261752,-3.890648,24,26620
2019-04-06T18:12:23.000Z,43.261752,-3.890648,24,26620
2019-04-06T18:12:23.000Z,43.261752,-3.890648,24,26620
2019-04-06T18:16:33.000Z,43.246638,-3.891655,24,26600
2019-04-06T18:16:33.000Z,43.246638,-3.891655,24,26600
2019-04-06T18:16:33.000Z,43.246638,-3.891655,24,26600
2019-04-06T18:32:49.000Z,43.188533,-3.895947,24,26610
2019-04-06T18:32:49.000Z,43.188533,-3.895947,24,26610
2019-04-06T18:32:49.000Z,43.188533,-3.895947,24,26610
2019-04-06T18:57:18.000Z,43.100133,-3.900827,23,26720
2019-04-06T18:57:18.000Z,43.100133,-3.900827,23,26720
2019-04-06T18:57:18.000Z,43.100133,-3.900827,23,26720
2019-04-06T19:11:09.000Z,43.0512,-3.904213,24,26710
2019-04-06T19:11:09.000Z,43.0512,-3.904213,24,26710
2019-04-06T19:11:09.000Z,43.0512,-3.904213,24,26710
2019-04-06T19:17:46.000Z,43.026828,-3.905993,23,26550
2019-04-06T19:17:46.000Z,43.026828,-3.905993,23,26550
2019-04-06T19:17:46.000Z,43.026828,-3.905993,23,26550
2019-04-06T19:50:36.000Z,42.90976,-3.912453,24,26650
2019-04-06T19:50:36.000Z,42.90976,-3.912453,24,26650
2019-04-06T19:50:36.000Z,42.90976,-3.912453,24,26650
2019-04-06T19:52:15.000Z,42.903787,-3.912853,23,26590
2019-04-06T19:52:15.000Z,42.903787,-3.912853,23,26590
2019-04-06T19:52:15.000Z,42.903787,-3.912853,23,26590
2019-04-06T19:52:58.000Z,42.90136,-3.912987,23,26630
2019-04-06T19:52:58.000Z,42.90136,-3.912987,23,26630
2019-04-06T19:52:58.000Z,42.90136,-3.912987,23,26630
2019-04-06T19:55:23.000Z,42.892408,-3.913585,24,26510
2019-04-06T19:55:23.000Z,42.892408,-3.913585,24,26510
2019-04-06T19:55:23.000Z,42.892408,-3.913585,24,26510
2019-04-06T19:55:42.000Z,42.891203,-3.913695,24,26480
2019-04-06T19:55:42.000Z,42.891203,-3.913695,24,26480
2019-04-06T19:55:42.000Z,42.891203,-3.913695,24,26480
2019-04-06T19:55:51.000Z,42.890663,-3.913743,24,26470
2019-04-06T19:55:51.000Z,42.890663,-3.913743,24,26470
2019-04-06T19:55:51.000Z,42.890663,-3.913743,24,26470
2019-04-06T19:56:32.000Z,42.888197,-3.913968,24,26450
2019-04-06T19:56:32.000Z,42.888197,-3.913968,24,26450
2019-04-06T19:56:32.000Z,42.888197,-3.913968,24,26450
2019-04-06T19:57:42.000Z,42.883963,-3.914322,24,26560
2019-04-06T19:57:42.000Z,42.883963,-3.914322,24,26560
2019-04-06T19:57:51.000Z,42.88341,-3.914362,24,26580
2019-04-06T19:57:42.000Z,42.883963,-3.914322,24,26560
2019-04-06T19:57:51.000Z,42.88341,-3.914362,24,26580
2019-04-06T19:57:51.000Z,42.88341,-3.914362,24,26580
2019-04-06T19:58:01.000Z,42.882783,-3.914402,24,26600
2019-04-06T19:58:01.000Z,42.882783,-3.914402,24,26600
2019-04-06T19:58:01.000Z,42.882783,-3.914402,24,26600
2019-04-06T19:58:51.000Z,42.879792,-3.914598,24,26600
2019-04-06T19:58:51.000Z,42.879792,-3.914598,24,26600
2019-04-06T19:58:51.000Z,42.879792,-3.914598,24,26600
2019-04-06T20:19:47.000Z,42.806933,-3.921173000000001,23,26760
2019-04-06T20:19:47.000Z,42.806933,-3.921173000000001,23,26760
2019-04-06T20:19:47.000Z,42.806933,-3.921173000000001,23,26760
2019-04-06T20:20:36.000Z,42.80416,-3.921307,23,26740
2019-04-06T20:20:36.000Z,42.80416,-3.921307,23,26740
2019-04-06T20:20:36.000Z,42.80416,-3.921307,23,26740
2019-04-06T20:20:57.000Z,42.80296,-3.92136,23,26720
2019-04-06T20:20:57.000Z,42.80296,-3.92136,23,26720
2019-04-06T20:20:57.000Z,42.80296,-3.92136,23,26720
2019-04-06T20:21:07.000Z,42.802373,-3.921387,23,26690
2019-04-06T20:21:07.000Z,42.802373,-3.921387,23,26690
2019-04-06T20:21:07.000Z,42.802373,-3.921387,23,26690
2019-04-06T20:22:35.000Z,42.797147,-3.921787,23,26520
2019-04-06T20:22:35.000Z,42.797147,-3.921787,23,26520
2019-04-06T20:22:35.000Z,42.797147,-3.921787,23,26520
2019-04-06T20:22:56.000Z,42.79592,-3.921867,23,26520
2019-04-06T20:22:56.000Z,42.79592,-3.921867,23,26520
2019-04-06T20:22:56.000Z,42.79592,-3.921867,23,26520
2019-04-06T20:39:42.000Z,42.736355,-3.923695,23,26950
2019-04-06T20:39:42.000Z,42.736355,-3.923695,23,26950
2019-04-06T20:39:42.000Z,42.736355,-3.923695,23,26950
2019-04-06T20:42:51.000Z,42.72535300000001,-3.923693,23,27300
2019-04-06T20:42:51.000Z,42.72535300000001,-3.923693,23,27300
2019-04-06T20:42:51.000Z,42.72535300000001,-3.923693,23,27300
2019-04-06T20:45:21.000Z,42.716775,-3.923245,23,27250
2019-04-06T20:45:21.000Z,42.716775,-3.923245,23,27250
2019-04-06T20:45:21.000Z,42.716775,-3.923245,23,27250
2019-04-06T20:52:21.000Z,42.69232,-3.92192,22,27440
2019-04-06T20:52:21.000Z,42.69232,-3.92192,22,27440
2019-04-06T20:52:21.000Z,42.69232,-3.92192,22,27440
2019-04-06T21:31:04.000Z,42.560773,-3.928862,22,26620
2019-04-06T21:31:04.000Z,42.560773,-3.928862,22,26620
2019-04-06T21:31:04.000Z,42.560773,-3.928862,22,26620
2019-04-06T21:43:12.000Z,42.518855,-3.932048,22,26470
2019-04-06T21:43:12.000Z,42.518855,-3.932048,22,26470
2019-04-06T21:43:12.000Z,42.518855,-3.932048,22,26470
2019-04-06T22:17:28.000Z,42.40032,-3.940373,22,26460
2019-04-06T22:17:28.000Z,42.40032,-3.940373,22,26460
2019-04-06T22:17:28.000Z,42.40032,-3.940373,22,26460
2019-04-06T22:28:53.000Z,42.362133,-3.944133,22,26500
2019-04-06T22:28:53.000Z,42.362133,-3.944133,22,26500
2019-04-06T22:28:53.000Z,42.362133,-3.944133,22,26500
2019-04-06T22:29:52.000Z,42.358773,-3.944507,22,26280
2019-04-06T22:29:52.000Z,42.358773,-3.944507,22,26280
2019-04-06T22:29:52.000Z,42.358773,-3.944507,22,26280
2019-04-06T22:30:03.000Z,42.358213,-3.944587,22,26240
2019-04-06T22:30:03.000Z,42.358213,-3.944587,22,26240
2019-04-06T22:30:03.000Z,42.358213,-3.944587,22,26240
2019-04-06T23:24:56.000Z,42.171747,-3.958913,22,26710
2019-04-06T23:24:56.000Z,42.171747,-3.958913,22,26710
2019-04-06T23:24:56.000Z,42.171747,-3.958913,22,26710
2019-04-06T23:55:57.000Z,42.06728,-3.965413,22,26430
2019-04-06T23:55:57.000Z,42.06728,-3.965413,22,26430
2019-04-06T23:55:57.000Z,42.06728,-3.965413,22,26430
2019-04-07T00:29:48.000Z,41.950853,-3.97344,22,26660
2019-04-07T00:29:48.000Z,41.950853,-3.97344,22,26660
2019-04-07T00:29:48.000Z,41.950853,-3.97344,22,26660
2019-04-07T00:32:20.000Z,41.94224000000001,-3.974053,22,26530
2019-04-07T00:32:20.000Z,41.94224000000001,-3.974053,22,26530
2019-04-07T00:32:20.000Z,41.94224000000001,-3.974053,22,26530
2019-04-07T00:32:59.000Z,41.940053000000006,-3.97424,22,26530
2019-04-07T00:32:59.000Z,41.940053000000006,-3.97424,22,26530
2019-04-07T00:32:59.000Z,41.940053000000006,-3.97424,22,26530
2019-04-07T00:33:08.000Z,41.939493,-3.974267,22,26550
2019-04-07T00:33:08.000Z,41.939493,-3.974267,22,26550
2019-04-07T00:33:08.000Z,41.939493,-3.974267,22,26550
2019-04-07T00:33:20.000Z,41.9388,-3.97432,22,26560
2019-04-07T00:33:20.000Z,41.9388,-3.97432,22,26560
2019-04-07T00:33:20.000Z,41.9388,-3.97432,22,26560
2019-04-07T00:34:20.000Z,41.935333,-3.974587,22,26670
2019-04-07T00:34:20.000Z,41.935333,-3.974587,22,26670
2019-04-07T00:34:20.000Z,41.935333,-3.974587,22,26670
2019-04-07T00:34:28.000Z,41.93488,-3.974613,22,26690
2019-04-07T00:34:28.000Z,41.93488,-3.974613,22,26690
2019-04-07T00:34:28.000Z,41.93488,-3.974613,22,26690
2019-04-07T00:35:08.000Z,41.932587,-3.97472,22,26680
2019-04-07T00:35:08.000Z,41.932587,-3.97472,22,26680
2019-04-07T00:35:08.000Z,41.932587,-3.97472,22,26680
2019-04-07T00:35:48.000Z,41.93032,-3.974853,22,26680
2019-04-07T00:35:48.000Z,41.93032,-3.974853,22,26680
2019-04-07T00:35:48.000Z,41.93032,-3.974853,22,26680
2019-04-07T01:34:27.000Z,41.721387,-3.98688,24,26610
2019-04-07T01:34:27.000Z,41.721387,-3.98688,24,26610
2019-04-07T01:34:27.000Z,41.721387,-3.98688,24,26610
2019-04-07T01:34:48.000Z,41.720107,-3.986987,24,26600
