timestamp,longitude,latitude,speed,direction
2019-05-08T00:01:35.000Z,131.00296699999998,33.969617,0,16600
2019-05-08T00:19:36.000Z,131.003,33.969583,0,16600
2019-05-08T00:37:36.000Z,131.002983,33.969617,0,16600
2019-05-08T00:55:33.000Z,131.003,33.9696,0,16600
2019-05-08T01:07:34.000Z,131.003017,33.9696,0,16600
2019-05-08T01:19:35.000Z,131.002983,33.9696,0,16600
2019-05-08T01:37:35.000Z,131.00296699999998,33.9696,0,17160
2019-05-08T01:55:07.000Z,131.00296699999998,33.9696,0,17160
2019-05-08T02:00:17.000Z,131.00421699999998,33.969983,6,9330
2019-05-08T02:01:17.000Z,131.005517,33.9703,8,5000
2019-05-08T02:02:17.000Z,131.0067,33.971467,12,3710
2019-05-08T02:02:50.000Z,131.007567,33.972467,14,3290
2019-05-08T02:03:24.000Z,131.008167,33.973783000000005,15,1120
2019-05-08T02:03:52.000Z,131.008217,33.974833000000004,16,80
2019-05-08T02:04:17.000Z,131.008217,33.975933000000005,17,35720
2019-05-08T02:04:38.000Z,131.008167,33.976933,17,35730
2019-05-08T02:05:03.000Z,131.00806699999998,33.978067,18,35310
2019-05-08T02:05:38.000Z,131.007467,33.979633,18,33840
2019-05-08T02:06:12.000Z,131.006567,33.980733,18,32130
2019-05-08T02:06:44.000Z,131.0048,33.981833,18,29300
2019-05-08T02:07:06.000Z,131.003733,33.982083,18,28350
2019-05-08T02:07:38.000Z,131.00185,33.982283,19,27340
2019-05-08T02:07:58.000Z,131.0008,33.982283,19,26990
2019-05-08T02:08:27.000Z,130.998933,33.982167,20,26330
2019-05-08T02:08:58.000Z,130.99715,33.98195,20,26290
2019-05-08T02:09:20.000Z,130.99565,33.981667,20,25340
2019-05-08T02:09:43.000Z,130.994233,33.981217,20,24810
2019-05-08T02:10:17.000Z,130.992583,33.98055,21,24150
2019-05-08T02:10:37.000Z,130.991283,33.97995,21,24240
2019-05-08T02:10:58.000Z,130.990083,33.979417,21,24170
2019-05-08T02:11:28.000Z,130.988333,33.9786,22,24150
2019-05-08T02:11:58.000Z,130.986817,33.977883,22,23850
2019-05-08T02:12:17.000Z,130.985433,33.9772,22,23750
2019-05-08T02:12:37.000Z,130.9842,33.97655,22,23790
2019-05-08T02:12:58.000Z,130.98305,33.975933000000005,23,23800
2019-05-08T02:13:37.000Z,130.980683,33.974817,24,24010
2019-05-08T02:13:58.000Z,130.979183,33.9741,25,24020
2019-05-08T02:14:17.000Z,130.977967,33.973517,25,23940
2019-05-08T02:14:45.000Z,130.975933,33.972533,27,24010
2019-05-08T02:15:09.000Z,130.97435,33.971767,27,23930
2019-05-08T02:15:33.000Z,130.972433,33.97085,28,24040
2019-05-08T02:15:58.000Z,130.970783,33.97005,29,23980
2019-05-08T02:16:09.000Z,130.9697,33.96955,29,24050
2019-05-08T02:16:33.000Z,130.967817,33.968633000000004,30,24040
2019-05-08T02:16:58.000Z,130.96585,33.967683,30,23990
2019-05-08T02:17:22.000Z,130.963683,33.966717,31,24160
2019-05-08T02:17:45.000Z,130.961783,33.965717,31,23810
2019-05-08T02:18:09.000Z,130.960117,33.9647,31,23250
2019-05-08T02:18:34.000Z,130.958233,33.963333,31,22590
2019-05-08T02:18:58.000Z,130.956683,33.961833,33,22050
2019-05-08T02:19:22.000Z,130.955367,33.960533,33,21950
2019-05-08T02:19:51.000Z,130.95315,33.958333,34,22020
2019-05-08T02:20:22.000Z,130.9513,33.956433000000004,34,22020
2019-05-08T02:20:45.000Z,130.94968300000002,33.954833,33,21940
2019-05-08T02:21:09.000Z,130.9481,33.953233000000004,32,21940
2019-05-08T02:21:34.000Z,130.946683,33.9517,32,21780
2019-05-08T02:22:04.000Z,130.94505,33.949967,31,21750
2019-05-08T02:22:21.000Z,130.943967,33.9488,31,21780
2019-05-08T02:22:46.000Z,130.942583,33.9472,30,21440
2019-05-08T02:23:09.000Z,130.94155,33.945767,30,21000
2019-05-08T02:23:34.000Z,130.940767,33.9444,29,20500
2019-05-08T02:23:46.000Z,130.940217,33.94335,29,20390
2019-05-08T02:24:09.000Z,130.939317,33.941617,30,20370
2019-05-08T02:24:34.000Z,130.93845,33.939883,30,20210
2019-05-08T02:24:57.000Z,130.9376,33.938083,31,20170
2019-05-08T02:25:21.000Z,130.93685,33.936316999999995,31,19950
2019-05-08T02:25:45.000Z,130.936117,33.934517,31,19780
2019-05-08T02:26:09.000Z,130.93543300000002,33.932733,32,19800
2019-05-08T02:26:40.000Z,130.93446699999998,33.930367,32,19920
2019-05-08T02:26:57.000Z,130.933933,33.92915,32,19880
2019-05-08T02:27:22.000Z,130.9333,33.927567,32,19900
2019-05-08T02:27:34.000Z,130.932817,33.9264,32,19930
2019-05-08T02:27:45.000Z,130.9324,33.92535,33,19890
2019-05-08T02:28:10.000Z,130.93176699999998,33.92385,33,19940
2019-05-08T02:28:22.000Z,130.931167,33.92245,33,19910
2019-05-08T02:28:45.000Z,130.93033300000002,33.92055,33,19940
2019-05-08T02:29:10.000Z,130.929467,33.918533000000004,33,20090
2019-05-08T02:29:34.000Z,130.928617,33.916683,33,20070
2019-05-08T02:29:58.000Z,130.9277,33.914767,33,20300
2019-05-08T02:30:18.000Z,130.926967,33.913633000000004,33,20880
2019-05-08T02:30:30.000Z,130.926117,33.912633,32,21680
2019-05-08T02:30:50.000Z,130.92461699999998,33.911333,32,22680
2019-05-08T02:31:14.000Z,130.9228,33.9104,31,24250
2019-05-08T02:31:34.000Z,130.921533,33.909883,31,24390
2019-05-08T02:31:45.000Z,130.92025,33.909367,31,24460
2019-05-08T02:32:10.000Z,130.91806699999998,33.908633,31,25030
2019-05-08T02:32:34.000Z,130.915717,33.90815,31,25580
2019-05-08T02:32:53.000Z,130.913933,33.907867,31,26240
2019-05-08T02:33:13.000Z,130.91233300000002,33.907867,30,27520
2019-05-08T02:33:26.000Z,130.91108300000002,33.908017,30,27990
2019-05-08T02:33:45.000Z,130.9092,33.90845,30,28680
2019-05-08T02:34:09.000Z,130.907033,33.908983,30,28670
2019-05-08T02:34:27.000Z,130.905933,33.909317,30,28810
2019-05-08T02:34:41.000Z,130.904617,33.90975,30,29420
2019-05-08T02:35:03.000Z,130.902867,33.91075,29,31040
2019-05-08T02:35:34.000Z,130.90088300000002,33.912167,29,31100
2019-05-08T02:35:58.000Z,130.899283,33.913383,30,31250
2019-05-08T02:36:22.000Z,130.897633,33.914733,30,31590
2019-05-08T02:36:45.000Z,130.896167,33.916033,30,31910
2019-05-08T02:37:16.000Z,130.8945,33.917667,30,31990
2019-05-08T02:37:33.000Z,130.893317,33.918883,30,31990
2019-05-08T02:37:58.000Z,130.8918,33.920383,30,32010
2019-05-08T02:38:22.000Z,130.890533,33.921683,30,32080
2019-05-08T02:38:52.000Z,130.888717,33.92355,30,32080
2019-05-08T02:39:28.000Z,130.887,33.92525,29,32050
2019-05-08T02:39:45.000Z,130.88566699999998,33.9266,30,32070
2019-05-08T02:40:10.000Z,130.884283,33.928017,30,32040
2019-05-08T02:40:33.000Z,130.882917,33.929383,28,32040
2019-05-08T02:41:04.000Z,130.881417,33.930966999999995,27,32060
2019-05-08T02:41:27.000Z,130.880133,33.932333,27,32010
2019-05-08T02:41:58.000Z,130.87866699999998,33.933767,26,31990
2019-05-08T02:42:22.000Z,130.87741699999998,33.935,26,31970
2019-05-08T02:42:40.000Z,130.87635,33.935983,26,32030
2019-05-08T02:43:10.000Z,130.87481699999998,33.937533,25,32040
2019-05-08T02:43:34.000Z,130.873583,33.9388,25,32020
2019-05-08T02:43:58.000Z,130.872467,33.940033,25,32210
2019-05-08T02:44:22.000Z,130.871467,33.941183,24,32320
2019-05-08T02:44:58.000Z,130.87033300000002,33.94265,23,32730
2019-05-08T02:45:16.000Z,130.86953300000002,33.943767,22,33190
2019-05-08T02:45:47.000Z,130.86875,33.945117,21,33780
2019-05-08T02:46:09.000Z,130.86835,33.946317,20,34530
2019-05-08T02:46:34.000Z,130.8681,33.947483,18,35200
2019-05-08T02:47:06.000Z,130.867983,33.948683,17,35700
2019-05-08T02:47:25.000Z,130.867967,33.949717,17,35760
2019-05-08T02:48:06.000Z,130.867817,33.951417,16,35580
2019-05-08T02:49:06.000Z,130.867983,33.95375,14,1350
2019-05-08T02:49:45.000Z,130.868583,33.95495,12,2900
2019-05-08T02:50:26.000Z,130.869317,33.956017,12,2920
2019-05-08T02:51:06.000Z,130.87016699999998,33.957233,12,3270
2019-05-08T02:52:07.000Z,130.871367,33.958633,12,3550
2019-05-08T02:52:45.000Z,130.87235,33.9597,13,3620
2019-05-08T02:53:26.000Z,130.873367,33.96085,15,3610
2019-05-08T02:54:07.000Z,130.8747,33.9625,17,3100
2019-05-08T02:54:45.000Z,130.8756,33.963933000000004,19,2510
2019-05-08T02:55:07.000Z,130.87605,33.965,20,1800
2019-05-08T02:55:26.000Z,130.8764,33.966066999999995,21,1520
2019-05-08T02:55:45.000Z,130.876717,33.967217,22,1350
2019-05-08T02:56:26.000Z,130.87725,33.969266999999995,24,1240
2019-05-08T02:56:37.000Z,130.87755,33.970333000000004,25,1200
2019-05-08T02:57:07.000Z,130.87803300000002,33.972117,26,1160
2019-05-08T02:57:29.000Z,130.878283,33.973567,26,670
2019-05-08T02:57:59.000Z,130.87845,33.975567,27,310
2019-05-08T02:58:26.000Z,130.878533,33.977283,27,140
2019-05-08T02:59:11.000Z,130.87848300000002,33.980783,28,10
2019-05-08T02:59:34.000Z,130.878383,33.982583,28,35440
2019-05-08T03:00:04.000Z,130.87813300000002,33.984617,28,35440
2019-05-08T03:00:22.000Z,130.877817,33.985966999999995,28,34860
2019-05-08T03:00:47.000Z,130.87741699999998,33.987317,28,34550
2019-05-08T03:01:17.000Z,130.87655,33.989767,28,34190
2019-05-08T03:01:53.000Z,130.87535,33.992017,29,33460
2019-05-08T03:02:22.000Z,130.874233,33.993833,29,33200
2019-05-08T03:02:35.000Z,130.873617,33.99485,29,33290
2019-05-08T03:02:58.000Z,130.872567,33.996333,28,32700
2019-05-08T03:03:17.000Z,130.871617,33.99745,28,32370
2019-05-08T03:03:35.000Z,130.870633,33.998483,29,32170
2019-05-08T03:03:58.000Z,130.869333,33.999783,29,31970
2019-05-08T03:04:22.000Z,130.868033,34.001067,29,31930
2019-05-08T03:04:47.000Z,130.86675,34.002267,29,31950
2019-05-08T03:05:10.000Z,130.8655,34.003417,29,31720
2019-05-08T03:05:23.000Z,130.86435,34.004333,29,31350
2019-05-08T03:05:52.000Z,130.86273300000002,34.005567,29,31240
2019-05-08T03:06:16.000Z,130.860733,34.007017,29,31100
2019-05-08T03:06:47.000Z,130.858833,34.008367,29,31060
2019-05-08T03:07:10.000Z,130.85736699999998,34.009367,29,31010
2019-05-08T03:07:23.000Z,130.856133,34.010267,30,31040
2019-05-08T03:07:47.000Z,130.85465,34.0113,30,31070
2019-05-08T03:08:10.000Z,130.853017,34.012467,30,31040
2019-05-08T03:08:35.000Z,130.85155,34.0135,30,31050
2019-05-08T03:08:47.000Z,130.85035,34.014383,30,31070
2019-05-08T03:09:10.000Z,130.848717,34.0156,30,31060
2019-05-08T03:09:35.000Z,130.84706699999998,34.0168,30,31140
2019-05-08T03:09:59.000Z,130.845667,34.017783,30,31020
2019-05-08T03:10:16.000Z,130.844517,34.01855,30,30910
2019-05-08T03:10:40.000Z,130.842817,34.019667,30,30760
2019-05-08T03:10:47.000Z,130.841817,34.0203,30,30800
2019-05-08T03:11:10.000Z,130.84016699999998,34.021417,30,30800
2019-05-08T03:11:35.000Z,130.83855,34.02245,30,30800
2019-05-08T03:11:52.000Z,130.837067,34.023416999999995,30,30800
2019-05-08T03:12:16.000Z,130.83545,34.024467,30,30790
2019-05-08T03:12:40.000Z,130.83398300000002,34.025433,30,30830
2019-05-08T03:12:59.000Z,130.832533,34.0264,30,30790
2019-05-08T03:13:11.000Z,130.83131699999998,34.027183,30,30820
2019-05-08T03:13:35.000Z,130.82965,34.028317,31,30870
2019-05-08T03:13:59.000Z,130.828017,34.029367,31,30860
2019-05-08T03:14:17.000Z,130.82665,34.030266999999995,31,30840
2019-05-08T03:14:40.000Z,130.825083,34.03135,31,30950
2019-05-08T03:14:59.000Z,130.82361699999998,34.032367,31,30950
2019-05-08T03:15:11.000Z,130.8226,34.033033,31,30960
2019-05-08T03:15:47.000Z,130.820433,34.034517,31,30990
2019-05-08T03:15:59.000Z,130.819233,34.03535,31,31000
2019-05-08T03:16:17.000Z,130.817717,34.03645,31,30990
2019-05-08T03:16:41.000Z,130.8162,34.037567,31,30960
2019-05-08T03:16:53.000Z,130.81508300000002,34.03835,31,31010
2019-05-08T03:17:11.000Z,130.813967,34.039067,31,30760
2019-05-08T03:17:35.000Z,130.8119,34.0403,31,30560
2019-05-08T03:17:59.000Z,130.810067,34.04135,31,30320
2019-05-08T03:18:17.000Z,130.808617,34.042117,31,30190
2019-05-08T03:18:35.000Z,130.80715,34.04285,31,30090
2019-05-08T03:18:59.000Z,130.80525,34.043717,31,29880
2019-05-08T03:19:23.000Z,130.803433,34.044533,31,29880
2019-05-08T03:19:35.000Z,130.80228300000002,34.04505,31,29840
2019-05-08T03:19:59.000Z,130.800267,34.04595,31,29840
2019-05-08T03:20:17.000Z,130.798683,34.046667,31,29830
2019-05-08T03:20:35.000Z,130.797233,34.04735,31,29820
2019-05-08T03:20:59.000Z,130.795233,34.0483,31,29870
2019-05-08T03:21:23.000Z,130.793267,34.049167,31,29830
2019-05-08T03:21:47.000Z,130.791417,34.049983000000005,31,29840
2019-05-08T03:21:59.000Z,130.790183,34.050567,31,29850
2019-05-08T03:22:17.000Z,130.78868300000002,34.05125,31,29810
2019-05-08T03:22:35.000Z,130.78733300000002,34.051817,31,29770
2019-05-08T03:22:53.000Z,130.785717,34.05255,31,29910
2019-05-08T03:23:05.000Z,130.78465,34.053067,31,29880
2019-05-08T03:23:23.000Z,130.783167,34.0538,31,30100
2019-05-08T03:23:47.000Z,130.781317,34.05475,31,30080
2019-05-08T03:23:59.000Z,130.780133,34.055333000000005,31,30090
2019-05-08T03:24:17.000Z,130.778817,34.056,31,30080
2019-05-08T03:24:35.000Z,130.77745,34.056683,31,30090
2019-05-08T03:24:47.000Z,130.776333,34.057217,31,30080
2019-05-08T03:25:05.000Z,130.774767,34.057983,31,30070
2019-05-08T03:25:23.000Z,130.773267,34.058733000000004,31,30090
2019-05-08T03:25:47.000Z,130.771383,34.05965,31,30100
2019-05-08T03:26:11.000Z,130.769683,34.0605,31,30090
2019-05-08T03:26:23.000Z,130.76836699999998,34.06115,31,30090
2019-05-08T03:26:40.000Z,130.766967,34.06185,31,30010
2019-05-08T03:26:59.000Z,130.765733,34.0625,31,30080
2019-05-08T03:27:11.000Z,130.764667,34.063,31,30120
2019-05-08T03:27:29.000Z,130.763017,34.063833,31,30180
2019-05-08T03:27:47.000Z,130.76145,34.064667,31,30170
2019-05-08T03:28:11.000Z,130.75976699999998,34.065533,31,30230
2019-05-08T03:28:35.000Z,130.7581,34.066417,31,30240
2019-05-08T03:28:47.000Z,130.75671699999998,34.0672,31,30230
2019-05-08T03:29:05.000Z,130.75518300000002,34.06805,31,30260
2019-05-08T03:29:23.000Z,130.7537,34.0688,31,30260
2019-05-08T03:29:47.000Z,130.75188300000002,34.069717,31,30280
2019-05-08T03:30:11.000Z,130.750133,34.070667,31,30210
2019-05-08T03:30:29.000Z,130.74855,34.071483,31,30180
2019-05-08T03:30:52.000Z,130.74685,34.072367,31,30180
2019-05-08T03:31:05.000Z,130.745583,34.073017,31,30170
2019-05-08T03:31:29.000Z,130.743683,34.073983,31,30200
2019-05-08T03:31:47.000Z,130.74215,34.074767,31,30270
2019-05-08T03:32:11.000Z,130.740217,34.07575,31,30060
2019-05-08T03:32:28.000Z,130.738783,34.0764,31,29760
2019-05-08T03:32:53.000Z,130.73665,34.077233,30,29450
2019-05-08T03:33:17.000Z,130.734833,34.077867,30,28980
2019-05-08T03:33:28.000Z,130.733633,34.0782,30,28820
2019-05-08T03:33:47.000Z,130.731967,34.07855,29,28180
2019-05-08T03:34:11.000Z,130.729883,34.07875,29,27580
2019-05-08T03:34:23.000Z,130.72885,34.078817,29,27490
2019-05-08T03:34:35.000Z,130.72771699999998,34.078883000000005,30,27350
2019-05-08T03:34:53.000Z,130.72591699999998,34.078933,30,27230
2019-05-08T03:35:17.000Z,130.724,34.078967,30,27070
2019-05-08T03:35:40.000Z,130.722117,34.07895,30,26990
2019-05-08T03:35:59.000Z,130.720233,34.078917,30,26940
2019-05-08T03:36:10.000Z,130.71893300000002,34.0789,30,26950
2019-05-08T03:36:35.000Z,130.7166,34.078917,30,26940
2019-05-08T03:36:59.000Z,130.714483,34.078883000000005,31,26930
2019-05-08T03:37:17.000Z,130.712683,34.07885,31,26930
2019-05-08T03:37:29.000Z,130.7115,34.07885,31,26930
2019-05-08T03:37:47.000Z,130.710133,34.078817,31,26940
2019-05-08T03:37:59.000Z,130.7089,34.078817,31,26930
2019-05-08T03:38:10.000Z,130.70763300000002,34.078833,31,26920
2019-05-08T03:38:35.000Z,130.705267,34.078833,31,26990
2019-05-08T03:38:59.000Z,130.703133,34.07875,30,26620
2019-05-08T03:39:16.000Z,130.701433,34.078633,30,26400
2019-05-08T03:39:35.000Z,130.699733,34.078333,30,25680
2019-05-08T03:39:52.000Z,130.69823300000002,34.078,30,25480
2019-05-08T03:40:10.000Z,130.696767,34.077633,30,25210
2019-05-08T03:40:35.000Z,130.69455,34.0769,30,24940
2019-05-08T03:40:59.000Z,130.692433,34.076267,30,24880
2019-05-08T03:41:16.000Z,130.691017,34.075767,30,24740
2019-05-08T03:41:41.000Z,130.689,34.07495,30,24450
2019-05-08T03:42:05.000Z,130.68725,34.074233,30,24350
2019-05-08T03:42:22.000Z,130.685817,34.073617,30,24250
2019-05-08T03:42:35.000Z,130.6847,34.073133,30,24250
2019-05-08T03:42:59.000Z,130.682633,34.072183,30,24210
2019-05-08T03:43:17.000Z,130.68113300000002,34.071517,30,24200
2019-05-08T03:43:41.000Z,130.679167,34.070683,31,24190
2019-05-08T03:44:04.000Z,130.677333,34.0699,31,24160
2019-05-08T03:44:23.000Z,130.67576699999998,34.069183,31,24210
2019-05-08T03:44:47.000Z,130.673867,34.068383000000004,31,24320
2019-05-08T03:44:59.000Z,130.67263300000002,34.067867,31,24320
2019-05-08T03:45:28.000Z,130.6706,34.067,31,24320
2019-05-08T03:45:53.000Z,130.668317,34.066033000000004,31,24360
2019-05-08T03:46:10.000Z,130.666883,34.065467,31,24370
2019-05-08T03:46:23.000Z,130.665483,34.0649,31,24350
2019-05-08T03:46:47.000Z,130.663633,34.064167,31,24370
2019-05-08T03:46:59.000Z,130.66233300000002,34.0636,31,24370
2019-05-08T03:47:22.000Z,130.660483,34.0628,31,24370
2019-05-08T03:47:53.000Z,130.658417,34.06195,31,24360
2019-05-08T03:48:05.000Z,130.656883,34.06135,31,24350
2019-05-08T03:48:22.000Z,130.655383,34.060733,31,24350
2019-05-08T03:48:47.000Z,130.65335,34.0599,31,24350
2019-05-08T03:49:10.000Z,130.65141699999998,34.05905,31,24200
2019-05-08T03:49:28.000Z,130.649917,34.0584,31,24230
2019-05-08T03:49:47.000Z,130.6483,34.057783,31,24200
2019-05-08T03:50:05.000Z,130.6468,34.05705,31,24100
2019-05-08T03:50:22.000Z,130.64541699999998,34.0564,31,24120
2019-05-08T03:50:47.000Z,130.643467,34.055517,31,24160
2019-05-08T03:50:59.000Z,130.642433,34.055083,31,24090
2019-05-08T03:51:22.000Z,130.64045,34.054067,31,23980
2019-05-08T03:51:40.000Z,130.63905,34.053417,31,23990
2019-05-08T03:52:05.000Z,130.63705,34.052383,31,23930
2019-05-08T03:52:28.000Z,130.63511699999998,34.05145,31,23990
2019-05-08T03:52:46.000Z,130.6336,34.050733,31,23960
2019-05-08T03:53:11.000Z,130.631583,34.04975,31,23950
2019-05-08T03:53:34.000Z,130.6298,34.0489,31,23910
2019-05-08T03:53:46.000Z,130.628717,34.04835,31,23910
2019-05-08T03:54:04.000Z,130.627383,34.0477,31,23940
2019-05-08T03:54:23.000Z,130.62585,34.046933,31,23920
2019-05-08T03:54:40.000Z,130.624433,34.046183,31,23950
2019-05-08T03:54:59.000Z,130.622983,34.045466999999995,31,23910
2019-05-08T03:55:11.000Z,130.6219,34.044933,31,23930
2019-05-08T03:55:35.000Z,130.620067,34.044033,31,23900
2019-05-08T03:56:04.000Z,130.61775,34.042883,31,23940
2019-05-08T03:56:23.000Z,130.616233,34.042133,31,23920
2019-05-08T03:56:46.000Z,130.614283,34.041183000000004,31,23990
2019-05-08T03:57:11.000Z,130.612233,34.04025,31,24070
2019-05-08T03:57:35.000Z,130.610383,34.039383,31,24100
2019-05-08T03:57:46.000Z,130.609383,34.038917,31,24110
2019-05-08T03:58:04.000Z,130.608,34.038267,31,24100
2019-05-08T03:58:23.000Z,130.606383,34.0376,31,24230
2019-05-08T03:58:35.000Z,130.60535,34.03715,31,24270
2019-05-08T03:58:46.000Z,130.60435,34.036683000000004,31,24270
2019-05-08T03:58:59.000Z,130.60335,34.0363,31,24290
2019-05-08T03:59:11.000Z,130.602317,34.0359,31,24320
2019-05-08T03:59:23.000Z,130.601317,34.03545,31,24340
2019-05-08T03:59:35.000Z,130.600317,34.035017,31,24330
2019-05-08T03:59:46.000Z,130.5993,34.034617,31,24320
2019-05-08T03:59:59.000Z,130.5983,34.0342,31,24340
2019-05-08T04:00:17.000Z,130.596817,34.033583,31,24350
2019-05-08T04:00:35.000Z,130.595233,34.032883,30,24370
2019-05-08T04:00:53.000Z,130.5938,34.0323,30,24350
2019-05-08T04:01:11.000Z,130.5923,34.031667,30,24340
2019-05-08T04:01:35.000Z,130.59033300000002,34.030867,30,24370
2019-05-08T04:01:47.000Z,130.589333,34.03045,30,24400
2019-05-08T04:02:05.000Z,130.58783300000002,34.029833,30,24360
2019-05-08T04:02:29.000Z,130.58578300000002,34.02895,30,24360
2019-05-08T04:02:53.000Z,130.583883,34.02815,30,24400
2019-05-08T04:03:11.000Z,130.58235,34.0275,30,24350
2019-05-08T04:03:23.000Z,130.581233,34.027066999999995,30,24360
2019-05-08T04:03:47.000Z,130.5793,34.026283,30,24340
2019-05-08T04:04:05.000Z,130.57775,34.025717,30,24360
2019-05-08T04:04:29.000Z,130.575733,34.02485,30,24360
2019-05-08T04:04:53.000Z,130.57378300000002,34.024033,30,24360
2019-05-08T04:05:11.000Z,130.57226699999998,34.023416999999995,30,24360
2019-05-08T04:05:23.000Z,130.571267,34.023,30,24370
2019-05-08T04:05:35.000Z,130.570267,34.022583000000004,30,24380
2019-05-08T04:05:47.000Z,130.569183,34.02215,30,24410
2019-05-08T04:06:05.000Z,130.567817,34.02155,30,24370
2019-05-08T04:06:29.000Z,130.56575,34.0207,30,24380
2019-05-08T04:06:53.000Z,130.5638,34.019933,30,24390
2019-05-08T04:07:05.000Z,130.56275,34.019533,30,24420
2019-05-08T04:07:23.000Z,130.5612,34.018883,30,24420
2019-05-08T04:07:47.000Z,130.559233,34.0181,30,24440
2019-05-08T04:08:05.000Z,130.557583,34.017433000000004,30,24400
2019-05-08T04:08:29.000Z,130.555633,34.01665,30,24390
2019-05-08T04:08:41.000Z,130.55461699999998,34.016233,30,24370
2019-05-08T04:09:05.000Z,130.552533,34.015383,30,24390
2019-05-08T04:09:23.000Z,130.551117,34.01485,31,24390
2019-05-08T04:09:35.000Z,130.550083,34.014433000000004,31,24420
2019-05-08T04:09:47.000Z,130.54906699999998,34.014033000000005,30,24430
2019-05-08T04:10:05.000Z,130.54746699999998,34.0134,30,24470
2019-05-08T04:10:29.000Z,130.545533,34.012633,30,24460
2019-05-08T04:10:52.000Z,130.5437,34.01185,30,24360
2019-05-08T04:11:11.000Z,130.542067,34.01115,30,24360
2019-05-08T04:11:23.000Z,130.540967,34.010783,31,24350
2019-05-08T04:11:35.000Z,130.53993300000002,34.010366999999995,30,24350
2019-05-08T04:11:47.000Z,130.53885,34.009917,30,24310
2019-05-08T04:12:11.000Z,130.536967,34.00905,30,24340
2019-05-08T04:12:29.000Z,130.53555,34.00845,30,24310
2019-05-08T04:12:52.000Z,130.533633,34.007667,30,24350
2019-05-08T04:13:05.000Z,130.532433,34.007183000000005,30,24310
2019-05-08T04:13:23.000Z,130.531,34.0066,30,24360
2019-05-08T04:13:35.000Z,130.53,34.006183,30,24320
2019-05-08T04:13:47.000Z,130.5289,34.005733,30,24320
2019-05-08T04:14:11.000Z,130.526883,34.0049,31,24340
2019-05-08T04:14:23.000Z,130.52585,34.004483,30,24330
2019-05-08T04:14:41.000Z,130.524467,34.003867,30,24300
2019-05-08T04:15:17.000Z,130.521417,34.00255,30,24250
2019-05-08T04:15:35.000Z,130.5204,34.002133,30,24250
2019-05-08T04:15:47.000Z,130.519017,34.001517,31,24230
2019-05-08T04:16:10.000Z,130.51715,34.000683,30,24210
2019-05-08T04:16:23.000Z,130.516,34.000217,30,24260
2019-05-08T04:16:41.000Z,130.514467,33.999533,31,24260
2019-05-08T04:16:58.000Z,130.51315,33.998983,30,24270
2019-05-08T04:17:17.000Z,130.511517,33.998267,30,24260
2019-05-08T04:17:35.000Z,130.510133,33.99765,31,24270
2019-05-08T04:17:58.000Z,130.50823300000002,33.996817,30,24260
2019-05-08T04:18:10.000Z,130.507083,33.996333,31,24230
2019-05-08T04:18:23.000Z,130.50608300000002,33.9959,30,24150
2019-05-08T04:18:47.000Z,130.50415,33.99505,30,24120
2019-05-08T04:19:04.000Z,130.502717,33.994383,31,24110
2019-05-08T04:19:28.000Z,130.50081699999998,33.993466999999995,31,24050
2019-05-08T04:19:47.000Z,130.49925,33.99275,31,24170
2019-05-08T04:20:11.000Z,130.4973,33.991983000000005,30,24490
2019-05-08T04:20:23.000Z,130.4961,33.991567,30,24710
2019-05-08T04:20:53.000Z,130.49355,33.9907,30,24950
2019-05-08T04:21:11.000Z,130.49200000000002,33.990267,30,25130
2019-05-08T04:21:29.000Z,130.49041699999998,33.98985,30,25240
2019-05-08T04:21:47.000Z,130.4887,33.989433,30,25320
2019-05-08T04:21:59.000Z,130.487683,33.989183000000004,30,25350
2019-05-08T04:22:11.000Z,130.4866,33.988933,30,25350
2019-05-08T04:22:23.000Z,130.485533,33.988667,30,25340
2019-05-08T04:22:35.000Z,130.48445,33.9884,30,25330
2019-05-08T04:22:59.000Z,130.482233,33.98785,30,25370
2019-05-08T04:23:16.000Z,130.480817,33.9875,30,25360
2019-05-08T04:23:29.000Z,130.479667,33.9872,30,25370
2019-05-08T04:23:46.000Z,130.47806699999998,33.9868,30,25390
2019-05-08T04:23:59.000Z,130.477033,33.98655,30,25410
2019-05-08T04:24:16.000Z,130.475833,33.9863,30,25370
2019-05-08T04:24:35.000Z,130.47376699999998,33.985783000000005,30,25410
2019-05-08T04:24:52.000Z,130.472133,33.9854,30,25390
2019-05-08T04:25:16.000Z,130.47,33.984867,30,25370
2019-05-08T04:25:41.000Z,130.46805,33.984383,30,25360
2019-05-08T04:25:59.000Z,130.466183,33.983967,30,25390
2019-05-08T04:26:11.000Z,130.46516699999998,33.983717,30,25390
2019-05-08T04:26:22.000Z,130.4641,33.98345,30,25380
2019-05-08T04:26:35.000Z,130.463033,33.983183000000004,30,25370
2019-05-08T04:26:46.000Z,130.461967,33.982933,30,25370
2019-05-08T04:26:59.000Z,130.4609,33.982667,30,25380
2019-05-08T04:27:11.000Z,130.45975,33.982383,30,25440
2019-05-08T04:27:34.000Z,130.457767,33.981883,30,25260
2019-05-08T04:28:05.000Z,130.455183,33.981083,30,24980
2019-05-08T04:28:22.000Z,130.45378300000002,33.980667,30,25010
2019-05-08T04:28:34.000Z,130.45263300000002,33.980333,30,24870
2019-05-08T04:28:46.000Z,130.451533,33.979966999999995,30,24710
2019-05-08T04:29:05.000Z,130.45,33.9794,30,24660
2019-05-08T04:29:22.000Z,130.448567,33.97885,30,24530
2019-05-08T04:29:34.000Z,130.44755,33.978466999999995,30,24390
2019-05-08T04:29:52.000Z,130.446067,33.977767,29,24050
2019-05-08T04:30:11.000Z,130.444633,33.977017,29,23870
2019-05-08T04:30:34.000Z,130.44285,33.97615,30,23790
2019-05-08T04:30:58.000Z,130.4411,33.9752,29,23730
2019-05-08T04:31:23.000Z,130.43935,33.974267,30,23700
2019-05-08T04:31:53.000Z,130.437,33.973,30,23680
2019-05-08T04:32:05.000Z,130.436,33.972467,30,23690
2019-05-08T04:32:23.000Z,130.434667,33.971717,30,23700
2019-05-08T04:32:46.000Z,130.43311699999998,33.97085,30,23710
2019-05-08T04:32:58.000Z,130.431983,33.970233,30,23700
2019-05-08T04:33:17.000Z,130.4306,33.969417,30,23710
2019-05-08T04:33:35.000Z,130.429117,33.96855,30,23680
2019-05-08T04:33:53.000Z,130.4278,33.967883,30,23700
2019-05-08T04:34:17.000Z,130.426017,33.967017,30,23710
2019-05-08T04:34:35.000Z,130.424567,33.966217,30,23720
2019-05-08T04:34:58.000Z,130.422683,33.965183,30,23730
2019-05-08T04:35:23.000Z,130.42093300000002,33.96425,30,23710
2019-05-08T04:35:53.000Z,130.41861699999998,33.962983,30,23670
2019-05-08T04:36:11.000Z,130.417233,33.962216999999995,30,23690
2019-05-08T04:36:35.000Z,130.4154,33.96125,30,23670
2019-05-08T04:36:59.000Z,130.413817,33.960333,30,23630
2019-05-08T04:37:11.000Z,130.41275,33.95975,30,23600
2019-05-08T04:37:29.000Z,130.411317,33.958967,30,23620
2019-05-08T04:37:41.000Z,130.410233,33.958433,30,23610
2019-05-08T04:37:59.000Z,130.40883300000002,33.95765,30,23650
2019-05-08T04:38:17.000Z,130.4076,33.956967,30,23670
2019-05-08T04:38:35.000Z,130.406217,33.9562,30,23650
2019-05-08T04:38:59.000Z,130.40455,33.955267,30,23670
2019-05-08T04:39:23.000Z,130.40258300000002,33.954233,30,23680
2019-05-08T04:39:41.000Z,130.40115,33.953433000000004,30,23690
2019-05-08T04:40:05.000Z,130.39943300000002,33.952517,30,23660
2019-05-08T04:40:29.000Z,130.397617,33.951533000000005,30,23660
2019-05-08T04:40:47.000Z,130.3964,33.950883000000005,30,23640
2019-05-08T04:40:59.000Z,130.395383,33.950283,30,23670
2019-05-08T04:41:23.000Z,130.393517,33.949233,30,23680
2019-05-08T04:41:41.000Z,130.392067,33.948467,30,23670
2019-05-08T04:41:59.000Z,130.3907,33.947783,30,23870
2019-05-08T04:42:16.000Z,130.38958300000002,33.9471,30,23540
2019-05-08T04:42:39.000Z,130.3879,33.94605,29,22990
2019-05-08T04:43:03.000Z,130.38645,33.944866999999995,28,22390
2019-05-08T04:43:23.000Z,130.385367,33.94365,28,21540
2019-05-08T04:43:47.000Z,130.384267,33.942217,28,21260
2019-05-08T04:44:10.000Z,130.38325,33.940783,29,21010
2019-05-08T04:44:35.000Z,130.38215,33.939233,29,20970
2019-05-08T04:44:59.000Z,130.38108300000002,33.93775,29,20970
2019-05-08T04:45:23.000Z,130.380083,33.9362,29,20870
2019-05-08T04:45:46.000Z,130.379083,33.93455,29,20650
2019-05-08T04:46:10.000Z,130.378167,33.9329,29,20590
2019-05-08T04:46:35.000Z,130.377267,33.931317,29,20540
2019-05-08T04:46:58.000Z,130.37633300000002,33.929617,29,20530
2019-05-08T04:47:23.000Z,130.37535,33.92795,29,20510
2019-05-08T04:47:47.000Z,130.37445,33.926433,30,20540
2019-05-08T04:48:11.000Z,130.373467,33.924717,30,20560
2019-05-08T04:48:34.000Z,130.372567,33.92315,30,20530
2019-05-08T04:48:53.000Z,130.37185,33.921883,30,20550
2019-05-08T04:49:11.000Z,130.3712,33.920717,30,20590
2019-05-08T04:49:34.000Z,130.37026699999998,33.919117,30,20580
2019-05-08T04:49:58.000Z,130.36935,33.917483000000004,30,20570
2019-05-08T04:50:22.000Z,130.3683,33.915817,30,20570
2019-05-08T04:50:52.000Z,130.36721699999998,33.913883,30,20570
2019-05-08T04:51:11.000Z,130.36641699999998,33.912467,30,20580
2019-05-08T04:51:34.000Z,130.365467,33.910883,30,20580
2019-05-08T04:51:58.000Z,130.3645,33.9092,30,20560
2019-05-08T04:52:22.000Z,130.363617,33.90755,30,20570
2019-05-08T04:52:40.000Z,130.3629,33.906367,30,20530
2019-05-08T04:52:58.000Z,130.36218300000002,33.905033,30,20550
2019-05-08T04:53:23.000Z,130.361183,33.903317,30,20570
2019-05-08T04:53:47.000Z,130.3602,33.901683,30,20550
2019-05-08T04:54:11.000Z,130.359283,33.9001,30,20500
2019-05-08T04:54:35.000Z,130.358367,33.8983,30,20490
2019-05-08T04:54:59.000Z,130.357483,33.89675,30,20490
2019-05-08T04:55:23.000Z,130.35655,33.895083,30,20460
2019-05-08T04:55:47.000Z,130.355617,33.893417,30,20480
2019-05-08T04:56:11.000Z,130.354683,33.891733,30,20420
2019-05-08T04:56:29.000Z,130.35399999999998,33.8905,30,20460
2019-05-08T04:56:47.000Z,130.3533,33.889183,30,20440
2019-05-08T04:57:04.000Z,130.3527,33.888033,30,20410
2019-05-08T04:57:23.000Z,130.35198300000002,33.8866,30,20440
2019-05-08T04:57:47.000Z,130.35105,33.884917,30,20440
2019-05-08T04:58:11.000Z,130.3501,33.883083,30,20420
2019-05-08T04:58:35.000Z,130.349167,33.881383,30,20410
2019-05-08T04:59:04.000Z,130.34805,33.879366999999995,30,20400
2019-05-08T04:59:28.000Z,130.34716699999998,33.877733,31,20430
2019-05-08T04:59:47.000Z,130.34645,33.876383000000004,31,20420
2019-05-08T05:00:11.000Z,130.34553300000002,33.8747,31,20420
2019-05-08T05:00:35.000Z,130.34456699999998,33.872967,31,20400
2019-05-08T05:00:53.000Z,130.3439,33.87175,31,20440
2019-05-08T05:01:11.000Z,130.343183,33.870483,31,20440
2019-05-08T05:01:28.000Z,130.342567,33.869217,31,20400
2019-05-08T05:01:47.000Z,130.34185,33.867833000000005,31,20410
2019-05-08T05:02:11.000Z,130.340917,33.86615,31,20380
2019-05-08T05:02:35.000Z,130.339917,33.8643,31,20410
2019-05-08T05:02:59.000Z,130.33905,33.86265,31,20420
2019-05-08T05:03:17.000Z,130.3384,33.86145,31,20370
2019-05-08T05:03:35.000Z,130.337617,33.860083,31,20490
2019-05-08T05:03:59.000Z,130.336617,33.85835,31,20630
2019-05-08T05:04:23.000Z,130.33555,33.856683000000004,31,20680
2019-05-08T05:04:40.000Z,130.334867,33.855567,31,20740
2019-05-08T05:04:58.000Z,130.33408300000002,33.85435,31,20820
2019-05-08T05:05:17.000Z,130.333233,33.853,31,20840
2019-05-08T05:05:40.000Z,130.332233,33.851467,31,20870
2019-05-08T05:05:58.000Z,130.3314,33.850217,31,20890
2019-05-08T05:06:23.000Z,130.330183,33.84845,31,20910
2019-05-08T05:06:40.000Z,130.329467,33.847333,31,20880
2019-05-08T05:06:58.000Z,130.328667,33.846083,31,20840
2019-05-08T05:07:23.000Z,130.327517,33.844266999999995,31,20880
2019-05-08T05:07:47.000Z,130.326433,33.842617,31,20850
2019-05-08T05:08:11.000Z,130.32538300000002,33.841083000000005,31,20860
2019-05-08T05:08:35.000Z,130.324283,33.839433,31,20930
2019-05-08T05:08:58.000Z,130.32316699999998,33.8379,31,21020
2019-05-08T05:09:23.000Z,130.322033,33.836217,31,21040
2019-05-08T05:09:47.000Z,130.3208,33.834533,31,21030
2019-05-08T05:10:04.000Z,130.31993300000002,33.833433,31,21070
2019-05-08T05:10:23.000Z,130.319,33.83215,31,21090
2019-05-08T05:10:47.000Z,130.31796699999998,33.8305,31,21080
2019-05-08T05:11:05.000Z,130.317133,33.829383,31,21100
2019-05-08T05:11:29.000Z,130.31595,33.827633,31,21090
2019-05-08T05:11:47.000Z,130.31508300000002,33.826433,31,21080
2019-05-08T05:12:11.000Z,130.3139,33.824817,31,21070
2019-05-08T05:12:34.000Z,130.31286699999998,33.823367,31,21110
2019-05-08T05:12:58.000Z,130.3116,33.82165,30,21150
2019-05-08T05:13:23.000Z,130.310383,33.820017,31,21130
2019-05-08T05:13:47.000Z,130.3092,33.818467,30,21330
2019-05-08T05:14:11.000Z,130.308083,33.816883000000004,30,20880
2019-05-08T05:14:34.000Z,130.30705,33.815267,30,20640
2019-05-08T05:14:58.000Z,130.306117,33.813633,30,20680
2019-05-08T05:15:11.000Z,130.30555,33.812633,30,20560
2019-05-08T05:15:34.000Z,130.30455,33.81095,30,20500
2019-05-08T05:16:05.000Z,130.303583,33.80905,31,20500
2019-05-08T05:16:35.000Z,130.302333,33.806767,31,20450
2019-05-08T05:16:58.000Z,130.30138300000002,33.80505,31,20470
2019-05-08T05:17:11.000Z,130.30086699999998,33.804033000000004,31,20470
2019-05-08T05:17:41.000Z,130.29965,33.802033,31,20430
2019-05-08T05:18:05.000Z,130.29895,33.800816999999995,31,20440
2019-05-08T05:18:22.000Z,130.298117,33.799267,31,20460
2019-05-08T05:18:47.000Z,130.2972,33.7975,31,20460
2019-05-08T05:19:22.000Z,130.2959,33.795233,31,20450
2019-05-08T05:19:41.000Z,130.29513300000002,33.793783000000005,31,20440
2019-05-08T05:19:59.000Z,130.294283,33.792266999999995,31,20460
2019-05-08T05:20:22.000Z,130.293367,33.790483,31,20400
2019-05-08T05:20:47.000Z,130.2925,33.78865,31,20320
2019-05-08T05:21:11.000Z,130.291483,33.78695,31,20360
2019-05-08T05:21:34.000Z,130.29085,33.785667,30,20100
2019-05-08T05:21:54.000Z,130.290317,33.784033,30,19260
2019-05-08T05:22:07.000Z,130.290133,33.782917,29,18560
2019-05-08T05:22:34.000Z,130.29005,33.781033,30,18100
2019-05-08T05:22:59.000Z,130.290067,33.779183,30,17820
2019-05-08T05:23:22.000Z,130.29021699999998,33.77725,30,17530
2019-05-08T05:23:47.000Z,130.29025,33.775317,30,18090
2019-05-08T05:24:05.000Z,130.290233,33.774183,30,18050
2019-05-08T05:24:22.000Z,130.2901,33.772967,30,18580
2019-05-08T05:24:41.000Z,130.289867,33.771367,30,18740
2019-05-08T05:24:58.000Z,130.289467,33.769867,30,19330
2019-05-08T05:25:22.000Z,130.288933,33.768317,30,19570
2019-05-08T05:25:52.000Z,130.288017,33.765883,30,19970
2019-05-08T05:26:23.000Z,130.287117,33.7639,30,20140
2019-05-08T05:26:46.000Z,130.2861,33.762183,30,20570
2019-05-08T05:27:11.000Z,130.285117,33.760433,30,20570
2019-05-08T05:27:34.000Z,130.284083,33.758933,30,21020
2019-05-08T05:28:05.000Z,130.2826,33.7569,30,21230
2019-05-08T05:28:23.000Z,130.281667,33.755733,30,21340
2019-05-08T05:28:52.000Z,130.2802,33.75395,30,21340
2019-05-08T05:29:11.000Z,130.27918300000002,33.7526,30,21390
2019-05-08T05:29:34.000Z,130.277917,33.7511,30,21410
2019-05-08T05:29:59.000Z,130.2766,33.749583,30,21430
2019-05-08T05:30:23.000Z,130.275283,33.748117,30,21400
2019-05-08T05:30:46.000Z,130.2741,33.746583,30,21390
2019-05-08T05:31:11.000Z,130.272917,33.745017,30,21380
2019-05-08T05:31:34.000Z,130.271683,33.74345,30,21410
2019-05-08T05:31:59.000Z,130.27045,33.741883,30,21410
2019-05-08T05:32:23.000Z,130.2692,33.740317,31,21450
2019-05-08T05:32:47.000Z,130.267867,33.738733,31,21430
2019-05-08T05:33:11.000Z,130.266633,33.73725,31,21600
2019-05-08T05:33:34.000Z,130.26545,33.735717,30,21070
2019-05-08T05:33:53.000Z,130.264617,33.7345,30,20960
2019-05-08T05:34:11.000Z,130.263817,33.73325,30,20970
2019-05-08T05:34:35.000Z,130.262917,33.731683000000004,30,20420
2019-05-08T05:34:47.000Z,130.262383,33.730667,30,20310
2019-05-08T05:35:11.000Z,130.261567,33.728983,30,20170
2019-05-08T05:35:34.000Z,130.26101699999998,33.7274,30,19430
2019-05-08T05:35:59.000Z,130.260533,33.72555,30,19140
2019-05-08T05:36:22.000Z,130.260167,33.723817,30,18970
2019-05-08T05:36:35.000Z,130.25993300000002,33.722783,30,18930
2019-05-08T05:37:35.000Z,130.259117,33.7182,31,18900
2019-05-08T05:37:59.000Z,130.25875,33.716367,31,18920
2019-05-08T05:38:35.000Z,130.258167,33.71355,31,18860
2019-05-08T05:38:59.000Z,130.258083,33.71205,30,18480
2019-05-08T05:39:11.000Z,130.257933,33.711017,31,18380
2019-05-08T05:39:35.000Z,130.257833,33.709083,30,18220
2019-05-08T05:40:17.000Z,130.257867,33.70565,30,17770
2019-05-08T05:40:35.000Z,130.25788300000002,33.704633,30,17740
2019-05-08T05:41:23.000Z,130.2582,33.7008,30,17460
2019-05-08T05:41:35.000Z,130.258367,33.699617,30,17300
2019-05-08T05:42:23.000Z,130.258933,33.6963,30,17130
2019-05-08T05:42:47.000Z,130.25935,33.6944,30,16900
2019-05-08T05:43:11.000Z,130.259833,33.692467,30,16820
2019-05-08T05:43:59.000Z,130.260917,33.688833,30,16550
2019-05-08T05:44:23.000Z,130.26146699999998,33.687083,30,16520
2019-05-08T05:44:47.000Z,130.262033,33.685333,30,16500
2019-05-08T05:45:11.000Z,130.26255,33.683583,30,16470
2019-05-08T05:45:35.000Z,130.26316699999998,33.681867,29,16370
2019-05-08T05:45:59.000Z,130.2639,33.68005,29,15980
2019-05-08T05:46:23.000Z,130.264433,33.67895,29,15890
2019-05-08T05:46:35.000Z,130.264933,33.677817,29,15940
2019-05-08T05:46:53.000Z,130.26565,33.676367,29,15430
2019-05-08T05:47:17.000Z,130.26666699999998,33.6748,29,15160
2019-05-08T05:47:46.000Z,130.2679,33.672983,29,15010
2019-05-08T05:48:11.000Z,130.268967,33.671383,28,14970
2019-05-08T05:48:46.000Z,130.2706,33.669583,28,14270
2019-05-08T05:49:17.000Z,130.272167,33.6679,27,14150
2019-05-08T05:49:46.000Z,130.27385,33.6663,27,13480
2019-05-08T05:50:11.000Z,130.27525,33.665233,27,13200
2019-05-08T05:50:35.000Z,130.2768,33.664167,26,12820
2019-05-08T05:50:53.000Z,130.277883,33.663433000000005,27,12830
2019-05-08T05:51:17.000Z,130.279517,33.6624,26,12530
2019-05-08T05:51:35.000Z,130.28081699999998,33.661617,26,12570
2019-05-08T05:51:59.000Z,130.28245,33.66065,26,12650
2019-05-08T05:52:23.000Z,130.283967,33.659617,26,12940
2019-05-08T05:52:47.000Z,130.285517,33.65855,26,13000
2019-05-08T05:53:17.000Z,130.287233,33.657333,27,13010
2019-05-08T05:53:41.000Z,130.288783,33.6562,27,13130
2019-05-08T05:54:11.000Z,130.290333,33.655,27,13260
2019-05-08T05:54:34.000Z,130.2919,33.65385,26,13100
2019-05-08T05:54:58.000Z,130.293317,33.6528,25,13170
2019-05-08T05:55:17.000Z,130.294483,33.651967,25,13050
2019-05-08T05:55:47.000Z,130.29625,33.6508,24,12500
2019-05-08T05:56:11.000Z,130.297683,33.650117,23,12020
2019-05-08T05:56:34.000Z,130.299117,33.649383,22,12130
2019-05-08T05:56:58.000Z,130.3004,33.648783,21,11640
2019-05-08T05:57:23.000Z,130.30183300000002,33.648216999999995,20,11480
2019-05-08T05:57:47.000Z,130.30305,33.647817,19,11070
2019-05-08T05:58:11.000Z,130.304167,33.647467,18,11000
2019-05-08T05:58:36.000Z,130.305583,33.647033,17,10970
2019-05-08T05:58:59.000Z,130.30658300000002,33.646733000000005,16,10980
2019-05-08T05:59:27.000Z,130.30785,33.64635,16,10990
2019-05-08T05:59:57.000Z,130.309483,33.64585,17,10970
2019-05-08T06:00:36.000Z,130.3111,33.64535,18,10960
2019-05-08T06:01:07.000Z,130.31275,33.64485,19,11070
2019-05-08T06:01:27.000Z,130.314,33.644483,19,11010
2019-05-08T06:01:47.000Z,130.315217,33.6441,20,11110
2019-05-08T06:02:07.000Z,130.316367,33.643716999999995,20,11070
2019-05-08T06:02:27.000Z,130.31751699999998,33.643317,20,11050
2019-05-08T06:02:57.000Z,130.31925,33.642783,20,11030
2019-05-08T06:03:27.000Z,130.3208,33.642333,20,11080
2019-05-08T06:03:47.000Z,130.3222,33.641917,20,11010
2019-05-08T06:04:07.000Z,130.323417,33.641483,21,11010
2019-05-08T06:04:47.000Z,130.325567,33.640867,21,11150
2019-05-08T06:05:07.000Z,130.32691699999998,33.64045,21,11040
2019-05-08T06:05:27.000Z,130.32825,33.64005,22,11010
2019-05-08T06:05:47.000Z,130.329467,33.639667,22,11030
2019-05-08T06:06:07.000Z,130.330517,33.639333,23,11000
2019-05-08T06:06:27.000Z,130.33201699999998,33.63885,24,10990
2019-05-08T06:06:48.000Z,130.33363300000002,33.638317,25,11110
2019-05-08T06:07:07.000Z,130.335217,33.637833,25,11040
2019-05-08T06:07:27.000Z,130.336567,33.637433,25,11090
2019-05-08T06:07:57.000Z,130.3387,33.636783,26,11050
2019-05-08T06:08:19.000Z,130.34005,33.63635,26,11100
2019-05-08T06:08:43.000Z,130.342167,33.635683,26,11070
2019-05-08T06:09:07.000Z,130.3436,33.63525,26,11150
2019-05-08T06:09:19.000Z,130.344767,33.63485,26,11040
2019-05-08T06:09:43.000Z,130.346633,33.634333000000005,26,10480
2019-05-08T06:10:07.000Z,130.3486,33.634033,26,9970
2019-05-08T06:10:32.000Z,130.350617,33.633883000000004,26,9340
2019-05-08T06:11:01.000Z,130.3527,33.6339,25,8770
2019-05-08T06:11:23.000Z,130.35445,33.634117,23,7710
2019-05-08T06:11:43.000Z,130.355883,33.63445,23,7360
2019-05-08T06:12:07.000Z,130.357467,33.634917,22,7090
2019-05-08T06:12:25.000Z,130.358483,33.63525,22,6810
2019-05-08T06:12:56.000Z,130.360167,33.63585,22,6640
2019-05-08T06:13:19.000Z,130.361783,33.636417,22,6680
2019-05-08T06:13:43.000Z,130.363117,33.6369,22,6790
2019-05-08T06:14:08.000Z,130.364417,33.637367,21,6630
2019-05-08T06:14:20.000Z,130.3655,33.637767,21,6610
2019-05-08T06:14:51.000Z,130.367133,33.638383000000005,21,6660
2019-05-08T06:15:11.000Z,130.368417,33.638883,20,6500
2019-05-08T06:15:32.000Z,130.36963300000002,33.639417,20,6490
2019-05-08T06:16:02.000Z,130.3711,33.63995,18,6450
2019-05-08T06:16:32.000Z,130.37245,33.64045,17,6490
2019-05-08T06:16:51.000Z,130.37348300000002,33.6409,16,6310
2019-05-08T06:17:31.000Z,130.37518300000002,33.6416,15,6460
2019-05-08T06:18:11.000Z,130.3768,33.642233000000004,14,6280
2019-05-08T06:18:51.000Z,130.378467,33.642917,13,6180
2019-05-08T06:19:21.000Z,130.379517,33.643417,13,6280
2019-05-08T06:19:51.000Z,130.380517,33.6439,12,6250
2019-05-08T06:20:32.000Z,130.381967,33.6445,12,6250
2019-05-08T06:21:12.000Z,130.383117,33.645033000000005,12,6370
2019-05-08T06:21:51.000Z,130.38445,33.645617,11,6290
2019-05-08T06:22:32.000Z,130.385633,33.646066999999995,11,6380
2019-05-08T06:23:12.000Z,130.386767,33.64655,11,6400
2019-05-08T06:23:53.000Z,130.38805,33.647067,10,6330
2019-05-08T06:24:32.000Z,130.38913300000002,33.647533,10,6320
2019-05-08T06:25:12.000Z,130.390267,33.648017,10,6210
2019-05-08T06:26:02.000Z,130.391683,33.64865,9,6210
2019-05-08T06:26:53.000Z,130.39291699999998,33.64925,9,6150
2019-05-08T06:27:53.000Z,130.394267,33.649833,8,6210
2019-05-08T06:28:53.000Z,130.3955,33.6503,7,6190
2019-05-08T06:29:51.000Z,130.396683,33.650883,6,6260
2019-05-08T06:31:32.000Z,130.398383,33.651583,5,6540
2019-05-08T06:32:51.000Z,130.399467,33.652083000000005,4,5490
2019-05-08T06:36:13.000Z,130.401217,33.654,5,2980
2019-05-08T06:37:52.000Z,130.4019,33.655033,4,3100
2019-05-08T06:41:31.000Z,130.402333,33.656033,0,35770
2019-05-08T06:59:33.000Z,130.4023,33.656317,0,35230
2019-05-08T07:11:34.000Z,130.4023,33.656283,0,35230
2019-05-08T07:26:47.000Z,130.4023,33.656283,0,35230
2019-05-08T07:38:48.000Z,130.402283,33.656267,0,35230
2019-05-08T07:59:35.000Z,130.402283,33.656267,0,35230
2019-05-08T08:14:44.000Z,130.402233,33.656267,0,35230
