timestamp,longitude,latitude,speed,direction
2019-04-01T00:49:13.000Z,58.348587,18.273573000000006,27,20240
2019-04-01T00:49:13.000Z,58.348587,18.273573000000006,27,20240
2019-04-01T00:49:13.000Z,58.348587,18.273573000000006,27,20240
2019-04-01T00:53:11.000Z,58.34226999999999,18.259267,27,20260
2019-04-01T00:53:11.000Z,58.34226999999999,18.259267,27,20260
2019-04-01T00:53:11.000Z,58.34226999999999,18.259267,27,20260
2019-04-01T01:16:36.000Z,58.301973,18.17,27,20370
2019-04-01T01:16:36.000Z,58.301973,18.17,27,20370
2019-04-01T01:16:36.000Z,58.301973,18.17,27,20370
2019-04-01T01:34:19.000Z,58.270547,18.103552,27,20390
2019-04-01T01:34:19.000Z,58.270547,18.103552,27,20390
2019-04-01T01:34:19.000Z,58.270547,18.103552,27,20390
2019-04-01T01:39:28.000Z,58.26176,18.083973,27,20230
2019-04-01T01:39:28.000Z,58.26176,18.083973,27,20230
2019-04-01T01:39:28.000Z,58.26176,18.083973,27,20230
2019-04-01T01:40:51.000Z,58.25952,18.078667000000006,27,20200
2019-04-01T01:40:51.000Z,58.25952,18.078667000000006,27,20200
2019-04-01T01:40:51.000Z,58.25952,18.078667000000006,27,20200
2019-04-01T03:16:15.000Z,58.09984,17.71464,28,20510
2019-04-01T03:16:15.000Z,58.09984,17.71464,28,20510
2019-04-01T03:16:15.000Z,58.09984,17.71464,28,20510
2019-04-01T03:17:10.000Z,58.09810699999999,17.711092999999995,28,20470
2019-04-01T03:17:10.000Z,58.09810699999999,17.711092999999995,28,20470
2019-04-01T03:17:10.000Z,58.09810699999999,17.711092999999995,28,20470
2019-04-01T03:35:57.000Z,58.061942,17.638035000000006,28,20520
2019-04-01T03:35:57.000Z,58.061942,17.638035000000006,28,20520
2019-04-01T03:35:57.000Z,58.061942,17.638035000000006,28,20520
2019-04-01T04:03:53.000Z,58.013413,17.527335,28,20070
2019-04-01T04:03:53.000Z,58.013413,17.527335,28,20070
2019-04-01T04:03:53.000Z,58.013413,17.527335,28,20070
2019-04-01T04:26:34.000Z,57.97644,17.436792,28,20120
2019-04-01T04:26:34.000Z,57.97644,17.436792,28,20120
2019-04-01T04:26:34.000Z,57.97644,17.436792,28,20120
2019-04-01T05:34:51.000Z,57.872933,17.168853,27,20120
2019-04-01T05:34:51.000Z,57.872933,17.168853,27,20120
2019-04-01T05:34:51.000Z,57.872933,17.168853,27,20120
2019-04-01T05:39:15.000Z,57.864907,17.149732999999998,27,20160
2019-04-01T05:39:15.000Z,57.864907,17.149732999999998,27,20160
2019-04-01T05:39:15.000Z,57.864907,17.149732999999998,27,20160
2019-04-01T05:57:02.000Z,57.83456,17.082373,26,20330
2019-04-01T05:57:02.000Z,57.83456,17.082373,26,20330
2019-04-01T05:57:02.000Z,57.83456,17.082373,26,20330
2019-04-01T06:04:06.000Z,57.82254200000001,17.056578,27,20080
2019-04-01T06:04:06.000Z,57.82254200000001,17.056578,27,20080
2019-04-01T06:04:06.000Z,57.82254200000001,17.056578,27,20080
2019-04-01T06:12:18.000Z,57.80938199999999,17.024708,27,20150
2019-04-01T06:12:18.000Z,57.80938199999999,17.024708,27,20150
2019-04-01T06:12:18.000Z,57.80938199999999,17.024708,27,20150
2019-04-01T06:12:42.000Z,57.80856,17.022773,27,20160
2019-04-01T06:12:42.000Z,57.80856,17.022773,27,20160
2019-04-01T06:12:42.000Z,57.80856,17.022773,27,20160
2019-04-01T06:24:48.000Z,57.789413,16.976987,27,20060
2019-04-01T06:24:48.000Z,57.789413,16.976987,27,20060
2019-04-01T06:24:48.000Z,57.789413,16.976987,27,20060
2019-04-01T06:30:18.000Z,57.78104,16.9556,27,20080
2019-04-01T06:30:18.000Z,57.78104,16.9556,27,20080
2019-04-01T06:30:18.000Z,57.78104,16.9556,27,20080
2019-04-01T06:37:29.000Z,57.769573,16.92728,27,20020
2019-04-01T06:37:29.000Z,57.769573,16.92728,27,20020
2019-04-01T06:37:29.000Z,57.769573,16.92728,27,20020
2019-04-01T07:12:29.000Z,57.711467000000006,16.795092999999998,27,20350
2019-04-01T07:12:29.000Z,57.711467000000006,16.795092999999998,27,20350
2019-04-01T07:12:29.000Z,57.711467000000006,16.795092999999998,27,20350
2019-04-01T07:17:49.000Z,57.702507,16.77456,27,20380
2019-04-01T07:17:49.000Z,57.702507,16.77456,27,20380
2019-04-01T07:17:49.000Z,57.702507,16.77456,27,20380
2019-04-01T07:18:07.000Z,57.701977,16.773367,27,20360
2019-04-01T07:18:07.000Z,57.701977,16.773367,27,20360
2019-04-01T07:18:07.000Z,57.701977,16.773367,27,20360
2019-04-01T08:13:10.000Z,57.609733,16.560453,27,20150
2019-04-01T08:13:10.000Z,57.609733,16.560453,27,20150
2019-04-01T08:13:10.000Z,57.609733,16.560453,27,20150
2019-04-01T08:23:00.000Z,57.594107,16.522453,27,20210
2019-04-01T08:23:00.000Z,57.594107,16.522453,27,20210
2019-04-01T08:23:00.000Z,57.594107,16.522453,27,20210
2019-04-01T08:23:42.000Z,57.59296,16.519679999999994,27,20110
2019-04-01T08:23:42.000Z,57.59296,16.519679999999994,27,20110
2019-04-01T08:23:42.000Z,57.59296,16.519679999999994,27,20110
2019-04-01T08:50:04.000Z,57.549367,16.418415,27,20460
2019-04-01T08:50:04.000Z,57.549367,16.418415,27,20460
2019-04-01T08:50:04.000Z,57.549367,16.418415,27,20460
2019-04-01T08:52:34.000Z,57.545038,16.408725,27,20240
2019-04-01T08:52:34.000Z,57.545038,16.408725,27,20240
2019-04-01T08:52:34.000Z,57.545038,16.408725,27,20240
2019-04-01T11:21:15.000Z,57.29450799999999,15.825928,28,20230
2019-04-01T11:21:15.000Z,57.29450799999999,15.825928,28,20230
2019-04-01T11:21:15.000Z,57.29450799999999,15.825928,28,20230
2019-04-01T11:21:22.000Z,57.29434200000001,15.825545000000002,28,20230
2019-04-01T11:21:22.000Z,57.29434200000001,15.825545000000002,28,20230
2019-04-01T11:21:22.000Z,57.29434200000001,15.825545000000002,28,20230
2019-04-01T11:52:23.000Z,57.242230000000006,15.703323,28,20180
2019-04-01T11:52:23.000Z,57.242230000000006,15.703323,28,20180
2019-04-01T11:52:23.000Z,57.242230000000006,15.703323,28,20180
2019-04-01T12:27:23.000Z,57.18319,15.56644,28,20140
2019-04-01T12:27:23.000Z,57.18319,15.56644,28,20140
2019-04-01T12:27:23.000Z,57.18319,15.56644,28,20140
2019-04-01T12:32:54.000Z,57.173867,15.544027,28,20210
2019-04-01T12:32:54.000Z,57.173867,15.544027,28,20210
2019-04-01T12:32:54.000Z,57.173867,15.544027,28,20210
2019-04-01T12:45:35.000Z,57.15252,15.49465,28,20360
2019-04-01T12:45:35.000Z,57.15252,15.49465,28,20360
2019-04-01T12:45:35.000Z,57.15252,15.49465,28,20360
2019-04-01T12:54:28.000Z,57.137653,15.45976,28,20250
2019-04-01T12:54:28.000Z,57.137653,15.45976,28,20250
2019-04-01T12:54:28.000Z,57.137653,15.45976,28,20250
2019-04-01T13:00:03.000Z,57.128213,15.43752,28,20230
2019-04-01T13:00:03.000Z,57.128213,15.43752,28,20230
2019-04-01T13:00:03.000Z,57.128213,15.43752,28,20230
2019-04-01T13:06:30.000Z,57.11711999999999,15.411226999999998,28,20190
2019-04-01T13:06:30.000Z,57.11711999999999,15.411226999999998,28,20190
2019-04-01T13:06:30.000Z,57.11711999999999,15.411226999999998,28,20190
2019-04-01T13:12:14.000Z,57.1072,15.388213,28,20250
2019-04-01T13:12:14.000Z,57.1072,15.388213,28,20250
2019-04-01T13:12:14.000Z,57.1072,15.388213,28,20250
2019-04-01T13:16:23.000Z,57.100323,15.372376999999998,28,20320
2019-04-01T13:16:23.000Z,57.100323,15.372376999999998,28,20320
2019-04-01T13:16:23.000Z,57.100323,15.372376999999998,28,20320
2019-04-01T13:34:27.000Z,57.068933,15.300720000000002,28,20290
2019-04-01T13:34:27.000Z,57.068933,15.300720000000002,28,20290
2019-04-01T13:34:27.000Z,57.068933,15.300720000000002,28,20290
2019-04-01T13:39:51.000Z,57.059627,15.27944,28,20330
2019-04-01T13:39:51.000Z,57.059627,15.27944,28,20330
2019-04-01T13:39:51.000Z,57.059627,15.27944,28,20330
2019-04-01T13:40:51.000Z,57.057867,15.275547,28,20310
2019-04-01T13:40:51.000Z,57.057867,15.275547,28,20310
2019-04-01T13:40:51.000Z,57.057867,15.275547,28,20310
2019-04-01T14:41:17.000Z,56.95775,15.04194,27,20100
2019-04-01T14:41:17.000Z,56.95775,15.04194,27,20100
2019-04-01T14:41:17.000Z,56.95775,15.04194,27,20100
2019-04-01T14:41:59.000Z,56.956645,15.039185,27,20150
2019-04-01T14:41:59.000Z,56.956645,15.039185,27,20150
2019-04-01T14:41:59.000Z,56.956645,15.039185,27,20150
2019-04-01T16:13:48.000Z,56.809108,14.685543,27,20210
2019-04-01T16:13:48.000Z,56.809108,14.685543,27,20210
2019-04-01T16:13:48.000Z,56.809108,14.685543,27,20210
2019-04-01T16:15:06.000Z,56.806848,14.680515,27,20360
2019-04-01T16:15:06.000Z,56.806848,14.680515,27,20360
2019-04-01T16:15:06.000Z,56.806848,14.680515,27,20360
2019-04-01T16:40:27.000Z,56.764182,14.581575,28,20350
2019-04-01T16:40:27.000Z,56.764182,14.581575,28,20350
2019-04-01T16:40:27.000Z,56.764182,14.581575,28,20350
2019-04-01T16:43:05.000Z,56.759742,14.571422,28,20210
2019-04-01T16:43:05.000Z,56.759742,14.571422,28,20210
2019-04-01T16:43:05.000Z,56.759742,14.571422,28,20210
2019-04-01T17:45:42.000Z,56.65464,14.327227,27,20400
2019-04-01T17:45:42.000Z,56.65464,14.327227,27,20400
2019-04-01T17:45:42.000Z,56.65464,14.327227,27,20400
2019-04-01T17:46:27.000Z,56.653893,14.325627,27,20390
2019-04-01T17:46:27.000Z,56.653893,14.325627,27,20390
2019-04-01T17:46:27.000Z,56.653893,14.325627,27,20390
2019-04-01T18:03:20.000Z,56.626875,14.257672,27,20140
2019-04-01T18:03:20.000Z,56.626875,14.257672,27,20140
2019-04-01T18:03:20.000Z,56.626875,14.257672,27,20140
2019-04-01T18:06:04.000Z,56.623378,14.248912,27,20250
2019-04-01T18:06:04.000Z,56.623378,14.248912,27,20250
2019-04-01T18:06:04.000Z,56.623378,14.248912,27,20250
2019-04-01T18:11:08.000Z,56.615373,14.229508,27,20210
2019-04-01T18:11:08.000Z,56.615373,14.229508,27,20210
2019-04-01T18:11:08.000Z,56.615373,14.229508,27,20210
2019-04-01T18:13:40.000Z,56.61111999999999,14.219653,27,20220
2019-04-01T18:13:40.000Z,56.61111999999999,14.219653,27,20220
2019-04-01T18:13:40.000Z,56.61111999999999,14.219653,27,20220
2019-04-01T18:23:18.000Z,56.59551999999999,14.18352,27,20340
2019-04-01T18:23:18.000Z,56.59551999999999,14.18352,27,20340
2019-04-01T18:23:18.000Z,56.59551999999999,14.18352,27,20340
2019-04-01T18:28:33.000Z,56.58688000000001,14.163653,27,20410
2019-04-01T18:28:33.000Z,56.58688000000001,14.163653,27,20410
2019-04-01T18:28:33.000Z,56.58688000000001,14.163653,27,20410
2019-04-01T18:31:54.000Z,56.581448,14.15114,27,20400
2019-04-01T18:31:54.000Z,56.581448,14.15114,27,20400
2019-04-01T18:31:54.000Z,56.581448,14.15114,27,20400
2019-04-01T18:59:23.000Z,56.534772,14.046418,27,20400
2019-04-01T18:59:23.000Z,56.534772,14.046418,27,20400
2019-04-01T18:59:23.000Z,56.534772,14.046418,27,20400
2019-04-01T19:06:23.000Z,56.52314499999999,14.019432,27,20330
2019-04-01T19:06:23.000Z,56.52314499999999,14.019432,27,20330
2019-04-01T19:06:23.000Z,56.52314499999999,14.019432,27,20330
2019-04-01T19:14:33.000Z,56.50992,13.988107,27,20180
2019-04-01T19:14:33.000Z,56.50992,13.988107,27,20180
2019-04-01T19:14:33.000Z,56.50992,13.988107,27,20180
2019-04-01T19:20:17.000Z,56.500773,13.96592,27,20150
2019-04-01T19:20:17.000Z,56.500773,13.96592,27,20150
2019-04-01T19:20:17.000Z,56.500773,13.96592,27,20150
2019-04-01T19:20:49.000Z,56.49968000000001,13.963173,27,20120
2019-04-01T19:20:49.000Z,56.49968000000001,13.963173,27,20120
2019-04-01T19:20:49.000Z,56.49968000000001,13.963173,27,20120
2019-04-01T19:29:51.000Z,56.485333,13.928373,28,20180
2019-04-01T19:29:51.000Z,56.485333,13.928373,28,20180
2019-04-01T19:29:51.000Z,56.485333,13.928373,28,20180
2019-04-01T19:32:46.000Z,56.480613,13.916932999999998,28,20240
2019-04-01T19:32:46.000Z,56.480613,13.916932999999998,28,20240
2019-04-01T19:32:46.000Z,56.480613,13.916932999999998,28,20240
2019-04-01T19:47:53.000Z,56.45504,13.85688,28,20220
2019-04-01T19:47:53.000Z,56.45504,13.85688,28,20220
2019-04-01T19:47:53.000Z,56.45504,13.85688,28,20220
2019-04-01T20:01:40.000Z,56.43259000000001,13.804017000000002,27,20100
2019-04-01T20:01:40.000Z,56.43259000000001,13.804017000000002,27,20100
2019-04-01T20:01:40.000Z,56.43259000000001,13.804017000000002,27,20100
2019-04-01T20:07:42.000Z,56.42312,13.78048,28,20200
2019-04-01T20:07:42.000Z,56.42312,13.78048,28,20200
2019-04-01T20:07:42.000Z,56.42312,13.78048,28,20200
2019-04-01T20:14:34.000Z,56.412213,13.75392,27,20080
2019-04-01T20:14:34.000Z,56.412213,13.75392,27,20080
2019-04-01T20:14:34.000Z,56.412213,13.75392,27,20080
2019-04-01T20:20:15.000Z,56.403227,13.732,27,20330
2019-04-01T20:20:15.000Z,56.403227,13.732,27,20330
2019-04-01T20:20:15.000Z,56.403227,13.732,27,20330
2019-04-01T20:25:37.000Z,56.394107,13.71096,27,20150
2019-04-01T20:25:37.000Z,56.394107,13.71096,27,20150
2019-04-01T20:25:37.000Z,56.394107,13.71096,27,20150
2019-04-01T20:25:43.000Z,56.393947,13.71056,27,20200
2019-04-01T20:25:43.000Z,56.393947,13.71056,27,20200
2019-04-01T20:25:43.000Z,56.393947,13.71056,27,20200
2019-04-01T21:00:48.000Z,56.33605,13.575755,27,20420
2019-04-01T21:00:48.000Z,56.33605,13.575755,27,20420
2019-04-01T21:00:48.000Z,56.33605,13.575755,27,20420
2019-04-01T21:04:06.000Z,56.330713,13.563218,27,20370
2019-04-01T21:04:06.000Z,56.330713,13.563218,27,20370
2019-04-01T21:04:06.000Z,56.330713,13.563218,27,20370
2019-04-01T21:28:37.000Z,56.291425,13.467787,27,20240
2019-04-01T21:28:37.000Z,56.291425,13.467787,27,20240
2019-04-01T21:28:37.000Z,56.291425,13.467787,27,20240
2019-04-01T21:39:54.000Z,56.274027,13.426957000000002,27,20350
2019-04-01T21:39:54.000Z,56.274027,13.426957000000002,27,20350
2019-04-01T21:39:54.000Z,56.274027,13.426957000000002,27,20350
2019-04-01T21:42:18.000Z,56.27001,13.4178,27,20280
2019-04-01T21:42:18.000Z,56.27001,13.4178,27,20280
2019-04-01T21:42:18.000Z,56.27001,13.4178,27,20280
2019-04-01T22:28:37.000Z,56.19424,13.237493,28,20250
2019-04-01T22:28:37.000Z,56.19424,13.237493,28,20250
2019-04-01T22:28:37.000Z,56.19424,13.237493,28,20250
2019-04-01T22:42:53.000Z,56.170445,13.18213,28,20250
2019-04-01T22:42:53.000Z,56.170445,13.18213,28,20250
2019-04-01T22:42:53.000Z,56.170445,13.18213,28,20250
2019-04-01T23:22:32.000Z,56.102817,13.021538,28,20250
2019-04-01T23:22:32.000Z,56.102817,13.021538,28,20250
2019-04-01T23:22:32.000Z,56.102817,13.021538,28,20250
2019-04-01T23:30:28.000Z,56.091047,12.994125,28,20310
2019-04-01T23:30:28.000Z,56.091047,12.994125,28,20310
2019-04-01T23:30:28.000Z,56.091047,12.994125,28,20310
2019-04-01T23:46:05.000Z,56.064725,12.931822,28,20200
2019-04-01T23:46:05.000Z,56.064725,12.931822,28,20200
2019-04-01T23:46:05.000Z,56.064725,12.931822,28,20200
2019-04-02T00:09:55.000Z,56.024987,12.838107,27,20510
2019-04-02T00:09:55.000Z,56.024987,12.838107,27,20510
2019-04-02T00:09:55.000Z,56.024987,12.838107,27,20510
2019-04-02T00:16:18.000Z,56.014388,12.814495,27,20320
2019-04-02T00:16:18.000Z,56.014388,12.814495,27,20320
2019-04-02T00:16:18.000Z,56.014388,12.814495,27,20320
2019-04-02T00:26:29.000Z,55.997005,12.774892,27,20310
2019-04-02T00:26:29.000Z,55.997005,12.774892,27,20310
2019-04-02T00:26:29.000Z,55.997005,12.774892,27,20310
2019-04-02T00:27:54.000Z,55.994845,12.769895,27,20230
2019-04-02T00:27:54.000Z,55.994845,12.769895,27,20230
2019-04-02T00:27:54.000Z,55.994845,12.769895,27,20230
2019-04-02T00:46:12.000Z,55.966053,12.6988,27,20220
2019-04-02T00:46:12.000Z,55.966053,12.6988,27,20220
2019-04-02T00:46:12.000Z,55.966053,12.6988,27,20220
2019-04-02T00:51:49.000Z,55.957227,12.67696,27,20180
2019-04-02T00:51:49.000Z,55.957227,12.67696,27,20180
2019-04-02T00:51:49.000Z,55.957227,12.67696,27,20180
2019-04-02T01:03:42.000Z,55.938632,12.63131,27,20250
2019-04-02T01:03:42.000Z,55.938632,12.63131,27,20250
2019-04-02T01:03:42.000Z,55.938632,12.63131,27,20250
2019-04-02T01:10:57.000Z,55.927287,12.603435,27,20180
2019-04-02T01:10:57.000Z,55.927287,12.603435,27,20180
2019-04-02T01:10:57.000Z,55.927287,12.603435,27,20180
2019-04-02T01:14:16.000Z,55.922075,12.59104,26,20310
2019-04-02T01:14:16.000Z,55.922075,12.59104,26,20310
2019-04-02T01:14:16.000Z,55.922075,12.59104,26,20310
2019-04-02T01:21:47.000Z,55.91014300000001,12.563303,26,20440
2019-04-02T01:21:47.000Z,55.91014300000001,12.563303,26,20440
2019-04-02T01:21:47.000Z,55.91014300000001,12.563303,26,20440
2019-04-02T01:29:10.000Z,55.897973,12.535867,26,20340
2019-04-02T01:29:10.000Z,55.897973,12.535867,26,20340
2019-04-02T01:29:10.000Z,55.897973,12.535867,26,20340
2019-04-02T02:12:57.000Z,55.822842,12.374415,26,20500
2019-04-02T02:12:57.000Z,55.822842,12.374415,26,20500
2019-04-02T02:12:57.000Z,55.822842,12.374415,26,20500
2019-04-02T02:46:02.000Z,55.764808,12.25033,27,20370
2019-04-02T02:46:02.000Z,55.764808,12.25033,27,20370
2019-04-02T02:46:02.000Z,55.764808,12.25033,27,20370
2019-04-02T02:49:51.000Z,55.758172,12.235845,27,20390
2019-04-02T02:49:51.000Z,55.758172,12.235845,27,20390
2019-04-02T02:49:51.000Z,55.758172,12.235845,27,20390
2019-04-02T03:00:11.000Z,55.74056,12.196853,27,20330
2019-04-02T03:00:11.000Z,55.74056,12.196853,27,20330
2019-04-02T03:00:11.000Z,55.74056,12.196853,27,20330
2019-04-02T03:25:04.000Z,55.697735,12.102057,27,20400
2019-04-02T03:25:04.000Z,55.697735,12.102057,27,20400
2019-04-02T03:25:04.000Z,55.697735,12.102057,27,20400
2019-04-02T03:58:52.000Z,55.640858,11.974933,27,20430
2019-04-02T03:58:52.000Z,55.640858,11.974933,27,20430
2019-04-02T03:58:52.000Z,55.640858,11.974933,27,20430
2019-04-02T04:21:40.000Z,55.601015,11.886622,29,20450
2019-04-02T04:21:40.000Z,55.601015,11.886622,29,20450
2019-04-02T04:21:40.000Z,55.601015,11.886622,29,20450
2019-04-02T04:23:40.000Z,55.597037,11.878512,30,20610
2019-04-02T04:23:40.000Z,55.597037,11.878512,30,20610
2019-04-02T04:23:40.000Z,55.597037,11.878512,30,20610
2019-04-02T04:57:38.000Z,55.52137800000001,11.724463,34,20410
2019-04-02T04:57:38.000Z,55.52137800000001,11.724463,34,20410
2019-04-02T04:57:38.000Z,55.52137800000001,11.724463,34,20410
2019-04-02T05:00:20.000Z,55.515302,11.711708,34,20500
2019-04-02T05:00:20.000Z,55.515302,11.711708,34,20500
2019-04-02T05:00:20.000Z,55.515302,11.711708,34,20500
2019-04-02T05:07:37.000Z,55.500127,11.679295,32,20470
2019-04-02T05:07:37.000Z,55.500127,11.679295,32,20470
2019-04-02T05:07:37.000Z,55.500127,11.679295,32,20470
2019-04-02T05:11:19.000Z,55.49247,11.663167,31,20530
2019-04-02T05:11:19.000Z,55.49247,11.663167,31,20530
2019-04-02T05:11:19.000Z,55.49247,11.663167,31,20530
2019-04-02T05:19:42.000Z,55.476133,11.626827,30,20370
2019-04-02T05:19:42.000Z,55.476133,11.626827,30,20370
2019-04-02T05:19:42.000Z,55.476133,11.626827,30,20370
2019-04-02T05:34:09.000Z,55.45109300000001,11.57192,27,20360
2019-04-02T05:34:09.000Z,55.45109300000001,11.57192,27,20360
2019-04-02T05:34:09.000Z,55.45109300000001,11.57192,27,20360
2019-04-02T05:39:18.000Z,55.442368,11.552112,27,20410
2019-04-02T05:39:18.000Z,55.442368,11.552112,27,20410
2019-04-02T05:39:18.000Z,55.442368,11.552112,27,20410
2019-04-02T05:50:06.000Z,55.424383,11.511913,27,20330
2019-04-02T05:50:06.000Z,55.424383,11.511913,27,20330
2019-04-02T05:50:06.000Z,55.424383,11.511913,27,20330
2019-04-02T05:56:31.000Z,55.41345,11.48702,27,20210
2019-04-02T05:56:31.000Z,55.41345,11.48702,27,20210
2019-04-02T05:56:31.000Z,55.41345,11.48702,27,20210
2019-04-02T05:59:57.000Z,55.40809300000001,11.474832,26,20280
2019-04-02T05:59:57.000Z,55.40809300000001,11.474832,26,20280
2019-04-02T05:59:57.000Z,55.40809300000001,11.474832,26,20280
2019-04-02T06:09:11.000Z,55.39242700000001,11.440027,27,20490
2019-04-02T06:09:11.000Z,55.39242700000001,11.440027,27,20490
2019-04-02T06:09:11.000Z,55.39242700000001,11.440027,27,20490
2019-04-02T06:14:23.000Z,55.383467,11.420667,27,20440
2019-04-02T06:14:23.000Z,55.383467,11.420667,27,20440
2019-04-02T06:14:23.000Z,55.383467,11.420667,27,20440
2019-04-02T06:21:37.000Z,55.370732,11.394243,27,20520
2019-04-02T06:21:37.000Z,55.370732,11.394243,27,20520
2019-04-02T06:21:37.000Z,55.370732,11.394243,27,20520
2019-04-02T06:48:41.000Z,55.32208000000001,11.2924,28,20370
2019-04-02T06:48:41.000Z,55.32208000000001,11.2924,28,20370
2019-04-02T06:48:41.000Z,55.32208000000001,11.2924,28,20370
2019-04-02T06:51:59.000Z,55.31456,11.281227,27,22110
2019-04-02T06:51:59.000Z,55.31456,11.281227,27,22110
2019-04-02T06:51:59.000Z,55.31456,11.281227,27,22110
2019-04-02T06:54:54.000Z,55.307287,11.271712,27,20880
2019-04-02T06:54:54.000Z,55.307287,11.271712,27,20880
2019-04-02T06:54:54.000Z,55.307287,11.271712,27,20880
2019-04-02T07:14:50.000Z,55.27832,11.194907,27,19890
2019-04-02T07:14:50.000Z,55.27832,11.194907,27,19890
2019-04-02T07:14:50.000Z,55.27832,11.194907,27,19890
2019-04-02T07:19:50.000Z,55.27008000000001,11.175867,27,20530
2019-04-02T07:19:50.000Z,55.27008000000001,11.175867,27,20530
2019-04-02T07:19:50.000Z,55.27008000000001,11.175867,27,20530
2019-04-02T07:24:30.000Z,55.26152,11.158213,27,20490
2019-04-02T07:24:30.000Z,55.26152,11.158213,27,20490
2019-04-02T07:24:30.000Z,55.26152,11.158213,27,20490
2019-04-02T07:32:02.000Z,55.24791999999999,11.129633,27,20500
2019-04-02T07:32:02.000Z,55.24791999999999,11.129633,27,20500
2019-04-02T07:32:02.000Z,55.24791999999999,11.129633,27,20500
2019-04-02T07:35:52.000Z,55.24144,11.11528,27,20460
2019-04-02T07:35:52.000Z,55.24144,11.11528,27,20460
2019-04-02T07:35:52.000Z,55.24144,11.11528,27,20460
2019-04-02T07:54:40.000Z,55.21,11.043733,27,20320
2019-04-02T07:54:40.000Z,55.21,11.043733,27,20320
2019-04-02T07:54:40.000Z,55.21,11.043733,27,20320
2019-04-02T08:09:39.000Z,55.18377,10.987618,27,20430
2019-04-02T08:09:39.000Z,55.18377,10.987618,27,20430
2019-04-02T08:09:39.000Z,55.18377,10.987618,27,20430
2019-04-02T08:15:40.000Z,55.17282700000001,10.963893,27,20400
2019-04-02T08:15:40.000Z,55.17282700000001,10.963893,27,20400
2019-04-02T08:15:40.000Z,55.17282700000001,10.963893,27,20400
2019-04-02T08:17:59.000Z,55.169173,10.955387,27,20250
2019-04-02T08:17:59.000Z,55.169173,10.955387,27,20250
2019-04-02T08:17:59.000Z,55.169173,10.955387,27,20250
2019-04-02T08:25:30.000Z,55.156427,10.92608,28,20360
2019-04-02T08:25:30.000Z,55.156427,10.92608,28,20360
2019-04-02T08:25:30.000Z,55.156427,10.92608,28,20360
2019-04-02T08:27:35.000Z,55.1528,10.918,28,20470
2019-04-02T08:27:35.000Z,55.1528,10.918,28,20470
2019-04-02T08:27:35.000Z,55.1528,10.918,28,20470
2019-04-02T08:58:18.000Z,55.09824,10.80032,28,20500
2019-04-02T08:58:18.000Z,55.09824,10.80032,28,20500
2019-04-02T08:58:18.000Z,55.09824,10.80032,28,20500
2019-04-02T10:54:02.000Z,54.897602,10.360968,27,21090
2019-04-02T10:54:02.000Z,54.897602,10.360968,27,21090
2019-04-02T10:54:02.000Z,54.897602,10.360968,27,21090
2019-04-02T11:27:31.000Z,54.837555,10.23384,27,20460
2019-04-02T11:27:31.000Z,54.837555,10.23384,27,20460
2019-04-02T11:27:31.000Z,54.837555,10.23384,27,20460
2019-04-02T11:40:47.000Z,54.814808,10.18367,27,20520
2019-04-02T11:40:47.000Z,54.814808,10.18367,27,20520
2019-04-02T11:40:47.000Z,54.814808,10.18367,27,20520
2019-04-02T12:00:57.000Z,54.779913,10.107895,27,20200
2019-04-02T12:00:57.000Z,54.779913,10.107895,27,20200
2019-04-02T12:00:57.000Z,54.779913,10.107895,27,20200
2019-04-02T12:20:13.000Z,54.746685,10.03509,27,20400
2019-04-02T12:20:13.000Z,54.746685,10.03509,27,20400
2019-04-02T12:20:13.000Z,54.746685,10.03509,27,20400
2019-04-02T12:30:23.000Z,54.729627,9.997253,27,20220
2019-04-02T12:30:23.000Z,54.729627,9.997253,27,20220
2019-04-02T12:30:23.000Z,54.729627,9.997253,27,20220
2019-04-02T12:35:23.000Z,54.720427,9.978907,27,20680
2019-04-02T12:35:23.000Z,54.720427,9.978907,27,20680
2019-04-02T12:35:23.000Z,54.720427,9.978907,27,20680
2019-04-02T12:36:38.000Z,54.717988,9.973748,27,20470
2019-04-02T12:36:38.000Z,54.717988,9.973748,27,20470
2019-04-02T12:36:38.000Z,54.717988,9.973748,27,20470
2019-04-02T13:17:18.000Z,54.649333,9.824373,26,20210
2019-04-02T13:17:18.000Z,54.649333,9.824373,26,20210
2019-04-02T13:17:18.000Z,54.649333,9.824373,26,20210
2019-04-02T13:24:47.000Z,54.637397,9.797057,26,20350
2019-04-02T13:24:47.000Z,54.637397,9.797057,26,20350
2019-04-02T13:24:47.000Z,54.637397,9.797057,26,20350
2019-04-02T13:29:14.000Z,54.63053000000001,9.781113,26,20260
2019-04-02T13:29:14.000Z,54.63053000000001,9.781113,26,20260
2019-04-02T13:29:14.000Z,54.63053000000001,9.781113,26,20260
2019-04-02T14:52:36.000Z,54.487578000000006,9.467972,27,20500
2019-04-02T14:52:36.000Z,54.487578000000006,9.467972,27,20500
2019-04-02T14:52:36.000Z,54.487578000000006,9.467972,27,20500
2019-04-02T14:58:48.000Z,54.476272,9.44432,27,20490
2019-04-02T14:58:48.000Z,54.476272,9.44432,27,20490
2019-04-02T14:58:48.000Z,54.476272,9.44432,27,20490
2019-04-02T15:00:36.000Z,54.473033,9.43748,27,20560
2019-04-02T15:00:36.000Z,54.473033,9.43748,27,20560
2019-04-02T15:00:36.000Z,54.473033,9.43748,27,20560
2019-04-02T15:07:47.000Z,54.46071800000001,9.41006,27,20320
2019-04-02T15:07:47.000Z,54.46071800000001,9.41006,27,20320
2019-04-02T15:07:47.000Z,54.46071800000001,9.41006,27,20320
2019-04-02T15:35:53.000Z,54.41173199999999,9.30342,27,20280
2019-04-02T15:35:53.000Z,54.41173199999999,9.30342,27,20280
2019-04-02T15:35:53.000Z,54.41173199999999,9.30342,27,20280
2019-04-02T15:41:00.000Z,54.402933,9.283767999999998,27,20620
2019-04-02T15:41:00.000Z,54.402933,9.283767999999998,27,20620
2019-04-02T15:41:00.000Z,54.402933,9.283767999999998,27,20620
2019-04-02T15:41:41.000Z,54.401692,9.281182,27,20510
2019-04-02T15:41:41.000Z,54.401692,9.281182,27,20510
2019-04-02T15:41:41.000Z,54.401692,9.281182,27,20510
2019-04-02T16:28:14.000Z,54.319833,9.102665,28,20450
2019-04-02T16:28:14.000Z,54.319833,9.102665,28,20450
2019-04-02T16:28:14.000Z,54.319833,9.102665,28,20450
2019-04-02T16:34:06.000Z,54.309285,9.079777,28,20540
2019-04-02T16:34:06.000Z,54.309285,9.079777,28,20540
2019-04-02T16:34:06.000Z,54.309285,9.079777,28,20540
2019-04-02T16:34:49.000Z,54.307985,9.077018,28,20490
2019-04-02T16:34:49.000Z,54.307985,9.077018,28,20490
2019-04-02T16:34:49.000Z,54.307985,9.077018,28,20490
2019-04-02T16:48:19.000Z,54.282987,9.020997,27,20360
2019-04-02T16:48:19.000Z,54.282987,9.020997,27,20360
2019-04-02T16:48:19.000Z,54.282987,9.020997,27,20360
2019-04-02T16:53:23.000Z,54.27614499999999,9.005785000000003,27,20280
2019-04-02T16:53:23.000Z,54.27614499999999,9.005785000000003,27,20280
2019-04-02T16:53:23.000Z,54.27614499999999,9.005785000000003,27,20280
2019-04-02T16:59:50.000Z,54.265223,8.981527,27,20500
2019-04-02T16:59:50.000Z,54.265223,8.981527,27,20500
2019-04-02T16:59:50.000Z,54.265223,8.981527,27,20500
2019-04-02T17:14:00.000Z,54.241222,8.928132000000002,27,20400
2019-04-02T17:14:00.000Z,54.241222,8.928132000000002,27,20400
2019-04-02T17:14:00.000Z,54.241222,8.928132000000002,27,20400
2019-04-02T17:16:22.000Z,54.237208,8.919260000000003,26,20410
2019-04-02T17:16:22.000Z,54.237208,8.919260000000003,26,20410
2019-04-02T17:16:22.000Z,54.237208,8.919260000000003,26,20410
2019-04-02T17:31:19.000Z,54.211863,8.863875,26,20430
2019-04-02T17:31:19.000Z,54.211863,8.863875,26,20430
2019-04-02T17:31:19.000Z,54.211863,8.863875,26,20430
2019-04-02T17:36:43.000Z,54.20271700000001,8.844014999999997,26,20500
2019-04-02T17:36:43.000Z,54.20271700000001,8.844014999999997,26,20500
2019-04-02T17:36:43.000Z,54.20271700000001,8.844014999999997,26,20500
2019-04-02T17:43:59.000Z,54.190702,8.817882,26,20490
2019-04-02T17:43:59.000Z,54.190702,8.817882,26,20490
2019-04-02T17:43:59.000Z,54.190702,8.817882,26,20490
2019-04-02T17:50:25.000Z,54.179717,8.793861999999999,27,20450
2019-04-02T17:50:25.000Z,54.179717,8.793861999999999,27,20450
2019-04-02T17:50:25.000Z,54.179717,8.793861999999999,27,20450
2019-04-02T17:54:20.000Z,54.17316,8.779372,27,20540
2019-04-02T17:54:20.000Z,54.17316,8.779372,27,20540
2019-04-02T17:54:20.000Z,54.17316,8.779372,27,20540
2019-04-02T18:02:25.000Z,54.159825,8.749328,27,20330
2019-04-02T18:02:25.000Z,54.159825,8.749328,27,20330
2019-04-02T18:02:25.000Z,54.159825,8.749328,27,20330
2019-04-02T18:07:47.000Z,54.150827,8.729067,27,20280
2019-04-02T18:07:47.000Z,54.150827,8.729067,27,20280
2019-04-02T18:07:47.000Z,54.150827,8.729067,27,20280
2019-04-02T18:09:54.000Z,54.147013,8.72048,27,20460
2019-04-02T18:09:54.000Z,54.147013,8.72048,27,20460
2019-04-02T18:09:54.000Z,54.147013,8.72048,27,20460
2019-04-02T18:35:58.000Z,54.103145,8.624787,26,20480
2019-04-02T18:35:58.000Z,54.103145,8.624787,26,20480
2019-04-02T18:35:58.000Z,54.103145,8.624787,26,20480
2019-04-02T18:41:18.000Z,54.094213,8.605466999999999,27,20500
2019-04-02T18:41:18.000Z,54.094213,8.605466999999999,27,20500
2019-04-02T18:41:18.000Z,54.094213,8.605466999999999,27,20500
2019-04-02T18:43:13.000Z,54.090827,8.598133,27,20470
2019-04-02T18:43:13.000Z,54.090827,8.598133,27,20470
2019-04-02T18:43:13.000Z,54.090827,8.598133,27,20470
2019-04-02T18:59:39.000Z,54.062,8.5368,27,20510
2019-04-02T18:59:39.000Z,54.062,8.5368,27,20510
2019-04-02T18:59:39.000Z,54.062,8.5368,27,20510
2019-04-02T19:06:37.000Z,54.049925,8.510652,27,20390
2019-04-02T19:06:37.000Z,54.049925,8.510652,27,20390
2019-04-02T19:06:37.000Z,54.049925,8.510652,27,20390
2019-04-02T19:12:50.000Z,54.03948000000001,8.488083,27,20520
2019-04-02T19:12:50.000Z,54.03948000000001,8.488083,27,20520
2019-04-02T19:12:50.000Z,54.03948000000001,8.488083,27,20520
2019-04-02T19:18:24.000Z,54.02911,8.465332,27,20470
2019-04-02T19:18:24.000Z,54.02911,8.465332,27,20470
2019-04-02T19:18:24.000Z,54.02911,8.465332,27,20470
2019-04-02T19:18:31.000Z,54.029757,8.466747999999999,27,20460
2019-04-02T19:18:31.000Z,54.029757,8.466747999999999,27,20460
2019-04-02T19:18:31.000Z,54.029757,8.466747999999999,27,20460
2019-04-02T19:23:44.000Z,54.020907,8.447467,27,20520
2019-04-02T19:23:44.000Z,54.020907,8.447467,27,20520
2019-04-02T19:23:44.000Z,54.020907,8.447467,27,20520
2019-04-02T19:31:19.000Z,54.008027,8.41968,26,20530
2019-04-02T19:31:19.000Z,54.008027,8.41968,26,20530
2019-04-02T19:31:19.000Z,54.008027,8.41968,26,20530
2019-04-02T19:36:43.000Z,53.998613,8.399519999999999,26,20420
2019-04-02T19:36:43.000Z,53.998613,8.399519999999999,26,20420
2019-04-02T19:36:43.000Z,53.998613,8.399519999999999,26,20420
2019-04-02T19:42:00.000Z,53.98984,8.380427000000001,26,20460
2019-04-02T19:42:00.000Z,53.98984,8.380427000000001,26,20460
2019-04-02T19:42:00.000Z,53.98984,8.380427000000001,26,20460
2019-04-02T19:42:11.000Z,53.989493,8.379707000000002,26,20480
2019-04-02T19:42:11.000Z,53.989493,8.379707000000002,26,20480
2019-04-02T19:42:11.000Z,53.989493,8.379707000000002,26,20480
2019-04-02T19:52:22.000Z,53.97250699999999,8.341413000000001,27,20420
2019-04-02T19:52:22.000Z,53.97250699999999,8.341413000000001,27,20420
2019-04-02T19:52:22.000Z,53.97250699999999,8.341413000000001,27,20420
2019-04-02T19:57:23.000Z,53.964373,8.32288,27,20430
2019-04-02T19:57:23.000Z,53.964373,8.32288,27,20430
2019-04-02T19:57:23.000Z,53.964373,8.32288,27,20430
2019-04-02T20:00:53.000Z,53.958533,8.309493,27,20470
2019-04-02T20:00:53.000Z,53.958533,8.309493,27,20470
2019-04-02T20:00:53.000Z,53.958533,8.309493,27,20470
2019-04-02T20:11:25.000Z,53.94,8.269067,27,20430
2019-04-02T20:11:25.000Z,53.94,8.269067,27,20430
2019-04-02T20:11:25.000Z,53.94,8.269067,27,20430
2019-04-02T20:17:42.000Z,53.92848000000001,8.244747,27,20520
2019-04-02T20:17:42.000Z,53.92848000000001,8.244747,27,20520
2019-04-02T20:17:42.000Z,53.92848000000001,8.244747,27,20520
2019-04-02T20:24:16.000Z,53.917137,8.220183,27,20330
2019-04-02T20:24:16.000Z,53.917137,8.220183,27,20330
2019-04-02T20:24:16.000Z,53.917137,8.220183,27,20330
2019-04-02T20:30:08.000Z,53.907387,8.197707000000001,27,20310
2019-04-02T20:30:08.000Z,53.907387,8.197707000000001,27,20310
2019-04-02T20:30:08.000Z,53.907387,8.197707000000001,27,20310
2019-04-02T20:32:19.000Z,53.903733,8.189413,27,20520
2019-04-02T20:32:19.000Z,53.903733,8.189413,27,20520
2019-04-02T20:32:19.000Z,53.903733,8.189413,27,20520
2019-04-02T20:51:12.000Z,53.872,8.119439999999999,27,20470
2019-04-02T20:51:12.000Z,53.872,8.119439999999999,27,20470
2019-04-02T20:51:12.000Z,53.872,8.119439999999999,27,20470
2019-04-02T20:56:41.000Z,53.862747,8.099173,27,20500
2019-04-02T20:56:41.000Z,53.862747,8.099173,27,20500
2019-04-02T20:56:41.000Z,53.862747,8.099173,27,20500
2019-04-02T20:57:43.000Z,53.86085300000001,8.095067,27,20470
2019-04-02T20:57:43.000Z,53.86085300000001,8.095067,27,20470
2019-04-02T20:57:43.000Z,53.86085300000001,8.095067,27,20470
2019-04-02T21:20:41.000Z,53.820505,8.007803,27,20410
2019-04-02T21:20:41.000Z,53.820505,8.007803,27,20410
2019-04-02T21:20:41.000Z,53.820505,8.007803,27,20410
2019-04-02T22:02:24.000Z,53.747967,7.8483399999999985,27,20400
2019-04-02T22:02:24.000Z,53.747967,7.8483399999999985,27,20400
2019-04-02T22:02:24.000Z,53.747967,7.8483399999999985,27,20400
2019-04-02T22:07:38.000Z,53.741005,7.833347,26,20500
2019-04-02T22:07:38.000Z,53.741005,7.833347,26,20500
2019-04-02T22:07:38.000Z,53.741005,7.833347,26,20500
2019-04-02T22:10:04.000Z,53.736785,7.824192,26,20620
2019-04-02T22:10:04.000Z,53.736785,7.824192,26,20620
2019-04-02T22:10:04.000Z,53.736785,7.824192,26,20620
2019-04-02T22:25:13.000Z,53.712048,7.769528,25,20540
2019-04-02T22:25:13.000Z,53.712048,7.769528,25,20540
2019-04-02T22:25:13.000Z,53.712048,7.769528,25,20540
2019-04-02T22:43:38.000Z,53.682283,7.703417,26,20450
2019-04-02T22:43:38.000Z,53.682283,7.703417,26,20450
2019-04-02T22:43:38.000Z,53.682283,7.703417,26,20450
2019-04-02T22:55:50.000Z,53.661867,7.658935,26,20380
2019-04-02T22:55:50.000Z,53.661867,7.658935,26,20380
2019-04-02T22:55:50.000Z,53.661867,7.658935,26,20380
2019-04-02T23:02:53.000Z,53.64984000000001,7.632725,26,20260
2019-04-02T23:02:53.000Z,53.64984000000001,7.632725,26,20260
2019-04-02T23:02:53.000Z,53.64984000000001,7.632725,26,20260
2019-04-02T23:21:56.000Z,53.61814200000001,7.56273,26,20460
2019-04-02T23:21:56.000Z,53.61814200000001,7.56273,26,20460
2019-04-02T23:21:56.000Z,53.61814200000001,7.56273,26,20460
2019-04-02T23:28:33.000Z,53.606853,7.537973,26,20380
2019-04-02T23:28:33.000Z,53.606853,7.537973,26,20380
2019-04-02T23:28:33.000Z,53.606853,7.537973,26,20380
2019-04-02T23:29:44.000Z,53.605258,7.534327,26,20340
2019-04-02T23:29:44.000Z,53.605258,7.534327,26,20340
2019-04-02T23:29:44.000Z,53.605258,7.534327,26,20340
2019-04-02T23:47:24.000Z,53.573948,7.465292999999999,27,20670
2019-04-02T23:47:24.000Z,53.573948,7.465292999999999,27,20670
2019-04-02T23:47:24.000Z,53.573948,7.465292999999999,27,20670
2019-04-02T23:47:42.000Z,53.573397,7.464198,27,20650
2019-04-02T23:47:42.000Z,53.573397,7.464198,27,20650
2019-04-02T23:47:42.000Z,53.573397,7.464198,27,20650
2019-04-02T23:55:44.000Z,53.561588,7.438992,26,20470
2019-04-02T23:55:44.000Z,53.561588,7.438992,26,20470
2019-04-02T23:55:44.000Z,53.561588,7.438992,26,20470
2019-04-03T00:04:32.000Z,53.547022,7.40598,27,20470
2019-04-03T00:04:32.000Z,53.547022,7.40598,27,20470
2019-04-03T00:04:32.000Z,53.547022,7.40598,27,20470
2019-04-03T00:11:04.000Z,53.53592,7.380827,27,20380
2019-04-03T00:11:04.000Z,53.53592,7.380827,27,20380
2019-04-03T00:11:04.000Z,53.53592,7.380827,27,20380
2019-04-03T00:16:54.000Z,53.52672,7.360372999999999,27,20470
2019-04-03T00:16:54.000Z,53.52672,7.360372999999999,27,20470
2019-04-03T00:16:54.000Z,53.52672,7.360372999999999,27,20470
2019-04-03T00:22:08.000Z,53.51736,7.339892999999999,27,20570
2019-04-03T00:22:08.000Z,53.51736,7.339892999999999,27,20570
2019-04-03T00:22:08.000Z,53.51736,7.339892999999999,27,20570
2019-04-03T00:26:03.000Z,53.510953,7.32586,27,20440
2019-04-03T00:26:03.000Z,53.510953,7.32586,27,20440
2019-04-03T00:26:03.000Z,53.510953,7.32586,27,20440
2019-04-03T00:39:27.000Z,53.488013,7.276368,27,20490
2019-04-03T00:39:27.000Z,53.488013,7.276368,27,20490
2019-04-03T00:39:27.000Z,53.488013,7.276368,27,20490
2019-04-03T01:00:20.000Z,53.451958,7.198527,27,20520
2019-04-03T01:00:20.000Z,53.451958,7.198527,27,20520
2019-04-03T01:00:20.000Z,53.451958,7.198527,27,20520
2019-04-03T01:06:32.000Z,53.441023,7.174817999999999,27,20520
2019-04-03T01:06:32.000Z,53.441023,7.174817999999999,27,20520
2019-04-03T01:06:32.000Z,53.441023,7.174817999999999,27,20520
2019-04-03T01:31:12.000Z,53.396917,7.079397,28,20430
2019-04-03T01:31:12.000Z,53.396917,7.079397,28,20430
2019-04-03T01:31:12.000Z,53.396917,7.079397,28,20430
2019-04-03T03:03:00.000Z,53.235202,6.7253669999999985,27,20650
2019-04-03T03:03:00.000Z,53.235202,6.7253669999999985,27,20650
2019-04-03T03:03:00.000Z,53.235202,6.7253669999999985,27,20650
2019-04-03T03:08:01.000Z,53.226215,6.706312,27,20590
2019-04-03T03:08:01.000Z,53.226215,6.706312,27,20590
2019-04-03T03:08:01.000Z,53.226215,6.706312,27,20590
2019-04-03T03:13:24.000Z,53.21536999999999,6.681533,27,20330
2019-04-03T03:13:24.000Z,53.21536999999999,6.681533,27,20330
2019-04-03T03:13:24.000Z,53.21536999999999,6.681533,27,20330
2019-04-03T03:49:24.000Z,53.15534200000001,6.547317,28,20410
2019-04-03T03:49:24.000Z,53.15534200000001,6.547317,28,20410
2019-04-03T03:49:24.000Z,53.15534200000001,6.547317,28,20410
2019-04-03T03:52:24.000Z,53.15004,6.535673,28,20390
2019-04-03T03:52:24.000Z,53.15004,6.535673,28,20390
2019-04-03T03:52:24.000Z,53.15004,6.535673,28,20390
2019-04-03T04:08:50.000Z,53.12165200000001,6.471765,28,20340
2019-04-03T04:08:50.000Z,53.12165200000001,6.471765,28,20340
2019-04-03T04:08:50.000Z,53.12165200000001,6.471765,28,20340
2019-04-03T04:40:44.000Z,53.065985,6.347043,27,20410
2019-04-03T04:40:44.000Z,53.065985,6.347043,27,20410
2019-04-03T04:40:44.000Z,53.065985,6.347043,27,20410
2019-04-03T04:52:50.000Z,53.044923,6.300802,27,20470
2019-04-03T04:52:50.000Z,53.044923,6.300802,27,20470
2019-04-03T04:52:50.000Z,53.044923,6.300802,27,20470
2019-04-03T04:59:53.000Z,53.032373,6.27384,27,20470
2019-04-03T04:59:53.000Z,53.032373,6.27384,27,20470
2019-04-03T04:59:53.000Z,53.032373,6.27384,27,20470
2019-04-03T05:27:31.000Z,52.982535,6.168033,27,20240
2019-04-03T05:27:31.000Z,52.982535,6.168033,27,20240
2019-04-03T05:27:31.000Z,52.982535,6.168033,27,20240
2019-04-03T05:34:52.000Z,52.968972,6.1376870000000014,27,20400
2019-04-03T05:34:52.000Z,52.968972,6.1376870000000014,27,20400
2019-04-03T05:34:52.000Z,52.968972,6.1376870000000014,27,20400
2019-04-03T05:50:01.000Z,52.94401800000001,6.08186,27,20410
2019-04-03T05:50:01.000Z,52.94401800000001,6.08186,27,20410
2019-04-03T05:50:01.000Z,52.94401800000001,6.08186,27,20410
2019-04-03T05:55:04.000Z,52.935253,6.062427,27,20450
2019-04-03T05:55:04.000Z,52.935253,6.062427,27,20450
2019-04-03T05:55:04.000Z,52.935253,6.062427,27,20450
2019-04-03T05:59:47.000Z,52.927227,6.044293,28,20300
2019-04-03T05:59:47.000Z,52.927227,6.044293,28,20300
2019-04-03T05:59:47.000Z,52.927227,6.044293,28,20300
2019-04-03T06:21:13.000Z,52.890347,5.96152,27,20540
2019-04-03T06:21:13.000Z,52.890347,5.96152,27,20540
2019-04-03T06:21:13.000Z,52.890347,5.96152,27,20540
2019-04-03T06:27:19.000Z,52.88008000000001,5.939493,27,20420
2019-04-03T06:27:19.000Z,52.88008000000001,5.939493,27,20420
2019-04-03T06:27:19.000Z,52.88008000000001,5.939493,27,20420
2019-04-03T06:33:07.000Z,52.86979300000001,5.917157,27,20460
2019-04-03T06:33:07.000Z,52.86979300000001,5.917157,27,20460
2019-04-03T06:33:07.000Z,52.86979300000001,5.917157,27,20460
2019-04-03T06:49:19.000Z,52.840633,5.8548300000000015,27,20340
2019-04-03T06:49:19.000Z,52.840633,5.8548300000000015,27,20340
2019-04-03T06:49:19.000Z,52.840633,5.8548300000000015,27,20340
2019-04-03T06:52:13.000Z,52.83564000000001,5.843772,27,20430
2019-04-03T06:52:13.000Z,52.83564000000001,5.843772,27,20430
2019-04-03T06:52:13.000Z,52.83564000000001,5.843772,27,20430
2019-04-03T07:07:57.000Z,52.80849,5.781773,27,20320
2019-04-03T07:07:57.000Z,52.80849,5.781773,27,20320
2019-04-03T07:07:57.000Z,52.80849,5.781773,27,20320
2019-04-03T07:16:47.000Z,52.794587,5.75,28,20460
2019-04-03T07:16:47.000Z,52.794587,5.75,28,20460
2019-04-03T07:16:47.000Z,52.794587,5.75,28,20460
2019-04-03T07:22:12.000Z,52.785333,5.728853,27,20330
2019-04-03T07:22:12.000Z,52.785333,5.728853,27,20330
2019-04-03T07:22:12.000Z,52.785333,5.728853,27,20330
2019-04-03T07:27:56.000Z,52.77576,5.70696,27,20340
2019-04-03T07:27:56.000Z,52.77576,5.70696,27,20340
2019-04-03T07:27:56.000Z,52.77576,5.70696,27,20340
2019-04-03T07:33:00.000Z,52.76685300000001,5.687573,27,20590
2019-04-03T07:33:00.000Z,52.76685300000001,5.687573,27,20590
2019-04-03T07:33:00.000Z,52.76685300000001,5.687573,27,20590
2019-04-03T07:34:01.000Z,52.76504,5.683813,27,20510
2019-04-03T07:34:01.000Z,52.76504,5.683813,27,20510
2019-04-03T07:34:01.000Z,52.76504,5.683813,27,20510
2019-04-03T07:39:36.000Z,52.755173,5.6626400000000015,27,20540
2019-04-03T07:39:36.000Z,52.755173,5.6626400000000015,27,20540
2019-04-03T07:39:36.000Z,52.755173,5.6626400000000015,27,20540
2019-04-03T07:44:36.000Z,52.74629300000001,5.643867,27,20530
2019-04-03T07:44:36.000Z,52.74629300000001,5.643867,27,20530
2019-04-03T07:44:36.000Z,52.74629300000001,5.643867,27,20530
2019-04-03T07:45:45.000Z,52.74416,5.63938,27,20510
2019-04-03T07:45:45.000Z,52.74416,5.63938,27,20510
2019-04-03T07:45:45.000Z,52.74416,5.63938,27,20510
2019-04-03T07:56:11.000Z,52.72549300000001,5.59968,27,20540
2019-04-03T07:56:11.000Z,52.72549300000001,5.59968,27,20540
2019-04-03T07:56:11.000Z,52.72549300000001,5.59968,27,20540
2019-04-03T08:01:48.000Z,52.71512,5.577547,27,20510
2019-04-03T08:01:48.000Z,52.71512,5.577547,27,20510
2019-04-03T08:01:48.000Z,52.71512,5.577547,27,20510
2019-04-03T08:01:54.000Z,52.714933,5.577147,27,20480
2019-04-03T08:01:54.000Z,52.714933,5.577147,27,20480
2019-04-03T08:01:54.000Z,52.714933,5.577147,27,20480
2019-04-03T08:15:44.000Z,52.690507,5.5255730000000005,27,20430
2019-04-03T08:15:44.000Z,52.690507,5.5255730000000005,27,20430
2019-04-03T08:15:44.000Z,52.690507,5.5255730000000005,27,20430
2019-04-03T08:21:37.000Z,52.680453,5.50216,27,20300
2019-04-03T08:21:37.000Z,52.680453,5.50216,27,20300
2019-04-03T08:21:37.000Z,52.680453,5.50216,27,20300
2019-04-03T08:26:45.000Z,52.672552,5.483357,27,20320
2019-04-03T08:26:45.000Z,52.672552,5.483357,27,20320
2019-04-03T08:26:45.000Z,52.672552,5.483357,27,20320
2019-04-03T08:32:19.000Z,52.663333,5.461627,27,20360
2019-04-03T08:32:19.000Z,52.663333,5.461627,27,20360
2019-04-03T08:32:19.000Z,52.663333,5.461627,27,20360
2019-04-03T08:50:48.000Z,52.632053000000006,5.392053,27,20540
2019-04-03T08:50:48.000Z,52.632053000000006,5.392053,27,20540
2019-04-03T08:50:48.000Z,52.632053000000006,5.392053,27,20540
2019-04-03T08:56:22.000Z,52.62248,5.3712800000000005,27,20470
2019-04-03T08:56:22.000Z,52.62248,5.3712800000000005,27,20470
2019-04-03T08:56:22.000Z,52.62248,5.3712800000000005,27,20470
2019-04-03T09:01:31.000Z,52.61330699999999,5.351547,27,20480
2019-04-03T09:01:31.000Z,52.61330699999999,5.351547,27,20480
2019-04-03T09:01:31.000Z,52.61330699999999,5.351547,27,20480
2019-04-03T09:02:02.000Z,52.612453,5.34968,27,20440
2019-04-03T09:02:02.000Z,52.612453,5.34968,27,20440
2019-04-03T09:02:02.000Z,52.612453,5.34968,27,20440
2019-04-03T09:58:38.000Z,52.513962,5.135998000000002,27,20440
2019-04-03T09:58:38.000Z,52.513962,5.135998000000002,27,20440
2019-04-03T09:58:38.000Z,52.513962,5.135998000000002,27,20440
2019-04-03T10:03:50.000Z,52.504927,5.116512,27,21060
2019-04-03T10:03:50.000Z,52.504927,5.116512,27,21060
2019-04-03T10:03:50.000Z,52.504927,5.116512,27,21060
2019-04-03T10:13:59.000Z,52.483927,5.080555,26,20860
2019-04-03T10:13:59.000Z,52.483927,5.080555,26,20860
2019-04-03T10:13:59.000Z,52.483927,5.080555,26,20860
2019-04-03T10:19:35.000Z,52.472957,5.060683,27,20900
2019-04-03T10:19:35.000Z,52.472957,5.060683,27,20900
2019-04-03T10:19:35.000Z,52.472957,5.060683,27,20900
2019-04-03T10:27:26.000Z,52.4572,5.032587,27,20900
2019-04-03T10:27:26.000Z,52.4572,5.032587,27,20900
2019-04-03T10:27:26.000Z,52.4572,5.032587,27,20900
2019-04-03T10:30:14.000Z,52.452008,5.022957,27,20820
2019-04-03T10:30:14.000Z,52.452008,5.022957,27,20820
2019-04-03T10:30:14.000Z,52.452008,5.022957,27,20820
2019-04-03T11:13:03.000Z,52.35908,4.8730129999999985,27,21000
2019-04-03T11:13:03.000Z,52.35908,4.8730129999999985,27,21000
2019-04-03T11:13:03.000Z,52.35908,4.8730129999999985,27,21000
2019-04-03T11:21:37.000Z,52.340882,4.842643,27,21140
2019-04-03T11:21:37.000Z,52.340882,4.842643,27,21140
2019-04-03T11:21:37.000Z,52.340882,4.842643,27,21140
2019-04-03T11:37:50.000Z,52.305768,4.784535,27,21170
2019-04-03T11:37:50.000Z,52.305768,4.784535,27,21170
2019-04-03T11:37:50.000Z,52.305768,4.784535,27,21170
2019-04-03T11:43:09.000Z,52.29368,4.764933,27,21150
2019-04-03T11:43:09.000Z,52.29368,4.764933,27,21150
2019-04-03T11:43:09.000Z,52.29368,4.764933,27,21150
2019-04-03T11:48:21.000Z,52.28205300000001,4.746293,27,21100
2019-04-03T11:48:21.000Z,52.28205300000001,4.746293,27,21100
2019-04-03T11:48:21.000Z,52.28205300000001,4.746293,27,21100
2019-04-03T11:48:32.000Z,52.28168,4.745627,27,21070
2019-04-03T11:48:32.000Z,52.28168,4.745627,27,21070
2019-04-03T11:48:32.000Z,52.28168,4.745627,27,21070
2019-04-03T11:53:36.000Z,52.270987,4.72848,27,21170
2019-04-03T11:53:36.000Z,52.270987,4.72848,27,21170
2019-04-03T11:53:36.000Z,52.270987,4.72848,27,21170
2019-04-03T11:58:36.000Z,52.25984,4.71056,27,21290
2019-04-03T11:58:36.000Z,52.25984,4.71056,27,21290
2019-04-03T11:58:36.000Z,52.25984,4.71056,27,21290
2019-04-03T12:03:50.000Z,52.24776,4.691173,27,21230
2019-04-03T12:03:50.000Z,52.24776,4.691173,27,21230
2019-04-03T12:03:50.000Z,52.24776,4.691173,27,21230
2019-04-03T12:08:54.000Z,52.236267,4.672987,28,21230
2019-04-03T12:08:54.000Z,52.236267,4.672987,28,21230
2019-04-03T12:08:54.000Z,52.236267,4.672987,28,21230
2019-04-03T12:12:26.000Z,52.228528,4.6608730000000005,28,21220
2019-04-03T12:12:26.000Z,52.228528,4.6608730000000005,28,21220
2019-04-03T12:12:26.000Z,52.228528,4.6608730000000005,28,21220
2019-04-03T12:28:13.000Z,52.19304,4.604298,27,21270
2019-04-03T12:28:13.000Z,52.19304,4.604298,27,21270
2019-04-03T12:28:13.000Z,52.19304,4.604298,27,21270
2019-04-03T12:48:14.000Z,52.14986,4.532067,27,21170
2019-04-03T12:48:14.000Z,52.14986,4.532067,27,21170
2019-04-03T12:48:14.000Z,52.14986,4.532067,27,21170
2019-04-03T13:03:50.000Z,52.115485,4.476495,27,21360
2019-04-03T13:03:50.000Z,52.115485,4.476495,27,21360
2019-04-03T13:03:50.000Z,52.115485,4.476495,27,21360
2019-04-03T13:08:55.000Z,52.103932,4.458787999999998,27,21250
2019-04-03T13:08:55.000Z,52.103932,4.458787999999998,27,21250
2019-04-03T13:08:55.000Z,52.103932,4.458787999999998,27,21250
2019-04-03T13:33:55.000Z,52.049733,4.370667,27,21210
2019-04-03T13:33:55.000Z,52.049733,4.370667,27,21210
2019-04-03T13:33:55.000Z,52.049733,4.370667,27,21210
2019-04-03T13:34:19.000Z,52.048853,4.369173,27,21220
2019-04-03T13:34:19.000Z,52.048853,4.369173,27,21220
2019-04-03T13:34:19.000Z,52.048853,4.369173,27,21220
2019-04-03T13:44:06.000Z,52.027628,4.334372,27,21140
2019-04-03T13:44:06.000Z,52.027628,4.334372,27,21140
2019-04-03T13:44:06.000Z,52.027628,4.334372,27,21140
2019-04-03T13:48:00.000Z,52.01922,4.320702,27,21120
2019-04-03T13:48:00.000Z,52.01922,4.320702,27,21120
2019-04-03T13:48:00.000Z,52.01922,4.320702,27,21120
2019-04-03T14:32:00.000Z,51.923627,4.164213,27,21090
2019-04-03T14:32:00.000Z,51.923627,4.164213,27,21090
2019-04-03T14:32:00.000Z,51.923627,4.164213,27,21090
2019-04-03T14:37:48.000Z,51.911013,4.143493,27,21230
2019-04-03T14:37:48.000Z,51.911013,4.143493,27,21230
2019-04-03T14:37:48.000Z,51.911013,4.143493,27,21230
2019-04-03T15:11:56.000Z,51.834982,4.0206019999999985,28,21160
2019-04-03T15:11:56.000Z,51.834982,4.0206019999999985,28,21160
2019-04-03T15:11:56.000Z,51.834982,4.0206019999999985,28,21160
2019-04-03T15:17:02.000Z,51.823535,4.001973,28,21230
2019-04-03T15:17:02.000Z,51.823535,4.001973,28,21230
2019-04-03T15:17:02.000Z,51.823535,4.001973,28,21230
2019-04-03T15:17:37.000Z,51.822223,3.999848000000001,28,21150
2019-04-03T15:17:37.000Z,51.822223,3.999848000000001,28,21150
2019-04-03T15:17:37.000Z,51.822223,3.999848000000001,28,21150
2019-04-03T15:29:20.000Z,51.795818,3.9572,28,21200
2019-04-03T15:29:20.000Z,51.795818,3.9572,28,21200
2019-04-03T15:29:20.000Z,51.795818,3.9572,28,21200
2019-04-03T16:01:26.000Z,51.723888,3.838933,28,21130
2019-04-03T16:01:26.000Z,51.723888,3.838933,28,21130
2019-04-03T16:01:26.000Z,51.723888,3.838933,28,21130
2019-04-03T16:08:00.000Z,51.709192,3.814193,29,21070
2019-04-03T16:08:00.000Z,51.709192,3.814193,29,21070
2019-04-03T16:08:00.000Z,51.709192,3.814193,29,21070
2019-04-03T16:13:29.000Z,51.697007,3.793475,28,21050
2019-04-03T16:13:29.000Z,51.697007,3.793475,28,21050
2019-04-03T16:13:29.000Z,51.697007,3.793475,28,21050
2019-04-03T16:16:05.000Z,51.691255,3.783732,28,21070
2019-04-03T16:16:05.000Z,51.691255,3.783732,28,21070
2019-04-03T16:16:05.000Z,51.691255,3.783732,28,21070
2019-04-03T16:26:50.000Z,51.66721,3.743948000000001,28,21270
2019-04-03T16:26:50.000Z,51.66721,3.743948000000001,28,21270
2019-04-03T16:26:50.000Z,51.66721,3.743948000000001,28,21270
2019-04-03T16:34:20.000Z,51.650517,3.717663,27,21230
2019-04-03T16:34:20.000Z,51.650517,3.717663,27,21230
2019-04-03T16:34:20.000Z,51.650517,3.717663,27,21230
2019-04-03T16:50:19.000Z,51.614267,3.661007,28,21240
2019-04-03T16:50:19.000Z,51.614267,3.661007,28,21240
2019-04-03T16:50:19.000Z,51.614267,3.661007,28,21240
2019-04-03T16:54:26.000Z,51.604908,3.646368,27,21190
2019-04-03T16:54:26.000Z,51.604908,3.646368,27,21190
2019-04-03T16:54:26.000Z,51.604908,3.646368,27,21190
2019-04-03T16:59:32.000Z,51.591062,3.624475,28,21200
2019-04-03T16:59:32.000Z,51.591062,3.624475,28,21200
2019-04-03T16:59:32.000Z,51.591062,3.624475,28,21200
2019-04-03T17:00:11.000Z,51.592187,3.626267,28,21280
2019-04-03T17:00:11.000Z,51.592187,3.626267,28,21280
2019-04-03T17:00:11.000Z,51.592187,3.626267,28,21280
2019-04-03T17:10:07.000Z,51.56982,3.589405,28,21070
2019-04-03T17:10:07.000Z,51.56982,3.589405,28,21070
2019-04-03T17:10:07.000Z,51.56982,3.589405,28,21070
2019-04-03T17:12:26.000Z,51.5648,3.5810000000000004,28,21060
2019-04-03T17:12:26.000Z,51.5648,3.5810000000000004,28,21060
2019-04-03T17:12:26.000Z,51.5648,3.5810000000000004,28,21060
2019-04-03T17:24:44.000Z,51.53712,3.5343370000000003,27,21080
2019-04-03T17:24:44.000Z,51.53712,3.5343370000000003,27,21080
2019-04-03T17:24:44.000Z,51.53712,3.5343370000000003,27,21080
2019-04-03T17:42:17.000Z,51.49936,3.473653,28,21280
2019-04-03T17:42:17.000Z,51.49936,3.473653,28,21280
2019-04-03T17:42:17.000Z,51.49936,3.473653,28,21280
2019-04-03T17:47:23.000Z,51.487813,3.455307,28,21240
2019-04-03T17:47:23.000Z,51.487813,3.455307,28,21240
2019-04-03T17:47:23.000Z,51.487813,3.455307,28,21240
2019-04-03T17:50:05.000Z,51.481307,3.4448,28,21290
2019-04-03T17:50:05.000Z,51.481307,3.4448,28,21290
2019-04-03T17:50:05.000Z,51.481307,3.4448,28,21290
2019-04-03T18:12:54.000Z,51.43056,3.36288,28,21150
2019-04-03T18:12:54.000Z,51.43056,3.36288,28,21150
2019-04-03T18:12:54.000Z,51.43056,3.36288,28,21150
2019-04-03T18:17:55.000Z,51.419813,3.344933,28,21220
2019-04-03T18:17:55.000Z,51.419813,3.344933,28,21220
2019-04-03T18:17:55.000Z,51.419813,3.344933,28,21220
2019-04-03T18:21:47.000Z,51.41082700000001,3.330453,28,21110
2019-04-03T18:21:47.000Z,51.41082700000001,3.330453,28,21110
2019-04-03T18:21:47.000Z,51.41082700000001,3.330453,28,21110
2019-04-03T18:31:06.000Z,51.390327,3.296447,28,21080
2019-04-03T18:31:06.000Z,51.390327,3.296447,28,21080
2019-04-03T18:31:06.000Z,51.390327,3.296447,28,21080
2019-04-03T18:33:37.000Z,51.384373,3.286507,28,21310
2019-04-03T18:33:37.000Z,51.384373,3.286507,28,21310
2019-04-03T18:33:37.000Z,51.384373,3.286507,28,21310
2019-04-03T18:37:33.000Z,51.373573,3.275547,28,23050
2019-04-03T18:37:33.000Z,51.373573,3.275547,28,23050
2019-04-03T18:37:33.000Z,51.373573,3.275547,28,23050
2019-04-03T18:41:20.000Z,51.357655,3.261627,28,22880
2019-04-03T18:41:20.000Z,51.357655,3.261627,28,22880
2019-04-03T18:41:20.000Z,51.357655,3.261627,28,22880
2019-04-03T18:46:09.000Z,51.341737,3.248385,28,23160
2019-04-03T18:46:09.000Z,51.341737,3.248385,28,23160
2019-04-03T18:46:09.000Z,51.341737,3.248385,28,23160
2019-04-03T18:52:46.000Z,51.31922700000001,3.229762,28,22930
2019-04-03T18:52:46.000Z,51.31922700000001,3.229762,28,22930
2019-04-03T18:52:46.000Z,51.31922700000001,3.229762,28,22930
2019-04-03T18:58:44.000Z,51.303513,3.215765,28,22920
2019-04-03T18:58:44.000Z,51.303513,3.215765,28,22920
2019-04-03T18:58:44.000Z,51.303513,3.215765,28,22920
2019-04-03T19:02:14.000Z,51.29279,3.205392,28,22630
2019-04-03T19:02:14.000Z,51.29279,3.205392,28,22630
2019-04-03T19:02:14.000Z,51.29279,3.205392,28,22630
2019-04-03T19:17:30.000Z,51.244213,3.16088,28,22760
2019-04-03T19:17:30.000Z,51.244213,3.16088,28,22760
2019-04-03T19:17:30.000Z,51.244213,3.16088,28,22760
2019-04-03T19:22:52.000Z,51.22776,3.145973,28,22830
2019-04-03T19:22:52.000Z,51.22776,3.145973,28,22830
2019-04-03T19:22:52.000Z,51.22776,3.145973,28,22830
2019-04-03T19:26:40.000Z,51.215653,3.13496,28,22820
2019-04-03T19:26:40.000Z,51.215653,3.13496,28,22820
2019-04-03T19:26:40.000Z,51.215653,3.13496,28,22820
2019-04-03T19:35:31.000Z,51.187387,3.109307,28,22800
2019-04-03T19:35:31.000Z,51.187387,3.109307,28,22800
2019-04-03T19:35:31.000Z,51.187387,3.109307,28,22800
2019-04-03T19:44:24.000Z,51.1592,3.08376,28,22820
2019-04-03T19:44:24.000Z,51.1592,3.08376,28,22820
2019-04-03T19:44:24.000Z,51.1592,3.08376,28,22820
2019-04-03T19:49:53.000Z,51.141387,3.068,28,22850
2019-04-03T19:49:53.000Z,51.141387,3.068,28,22850
2019-04-03T19:49:53.000Z,51.141387,3.068,28,22850
2019-04-03T19:55:43.000Z,51.122827,3.0524,28,23050
2019-04-03T19:55:43.000Z,51.122827,3.0524,28,23050
2019-04-03T19:55:43.000Z,51.122827,3.0524,28,23050
2019-04-03T20:01:56.000Z,51.102422,3.035278,28,22970
2019-04-03T20:01:56.000Z,51.102422,3.035278,28,22970
2019-04-03T20:01:56.000Z,51.102422,3.035278,28,22970
2019-04-03T20:07:06.000Z,51.08504,3.020427,28,22890
2019-04-03T20:07:06.000Z,51.08504,3.020427,28,22890
2019-04-03T20:07:06.000Z,51.08504,3.020427,28,22890
2019-04-03T20:14:57.000Z,51.06168,2.99888,27,22690
2019-04-03T20:14:57.000Z,51.06168,2.99888,27,22690
2019-04-03T20:14:57.000Z,51.06168,2.99888,27,22690
2019-04-03T20:17:55.000Z,51.0524,2.990507,27,22780
2019-04-03T20:17:55.000Z,51.0524,2.990507,27,22780
2019-04-03T20:17:55.000Z,51.0524,2.990507,27,22780
2019-04-03T20:24:38.000Z,51.028843,2.969027,27,22790
2019-04-03T20:24:38.000Z,51.028843,2.969027,27,22790
2019-04-03T20:24:38.000Z,51.028843,2.969027,27,22790
2019-04-03T20:32:25.000Z,51.007493,2.949813,27,22800
2019-04-03T20:32:25.000Z,51.007493,2.949813,27,22800
2019-04-03T20:32:25.000Z,51.007493,2.949813,27,22800
2019-04-03T20:38:36.000Z,50.988187,2.932507,27,22870
2019-04-03T20:38:36.000Z,50.988187,2.932507,27,22870
2019-04-03T20:38:36.000Z,50.988187,2.932507,27,22870
2019-04-03T20:44:32.000Z,50.969562,2.916182,28,22910
2019-04-03T20:44:32.000Z,50.969562,2.916182,28,22910
2019-04-03T20:44:32.000Z,50.969562,2.916182,28,22910
2019-04-03T20:46:27.000Z,50.963438,2.910855,28,23010
2019-04-03T20:46:27.000Z,50.963438,2.910855,28,23010
2019-04-03T20:46:27.000Z,50.963438,2.910855,28,23010
2019-04-03T20:55:43.000Z,50.93408,2.88528,28,22990
2019-04-03T20:55:43.000Z,50.93408,2.88528,28,22990
2019-04-03T20:55:43.000Z,50.93408,2.88528,28,22990
2019-04-03T21:03:50.000Z,50.908507,2.862747,27,22740
2019-04-03T21:03:50.000Z,50.908507,2.862747,27,22740
2019-04-03T21:03:50.000Z,50.908507,2.862747,27,22740
2019-04-03T21:07:24.000Z,50.897173,2.8526130000000003,27,22770
2019-04-03T21:07:24.000Z,50.897173,2.8526130000000003,27,22770
2019-04-03T21:07:24.000Z,50.897173,2.8526130000000003,27,22770
2019-04-03T21:25:51.000Z,50.839752,2.8011,27,22890
2019-04-03T21:25:51.000Z,50.839752,2.8011,27,22890
2019-04-03T21:25:51.000Z,50.839752,2.8011,27,22890
2019-04-03T21:35:51.000Z,50.809002,2.773588,27,22830
2019-04-03T21:35:51.000Z,50.809002,2.773588,27,22830
2019-04-03T21:35:51.000Z,50.809002,2.773588,27,22830
2019-04-03T21:41:15.000Z,50.79249,2.758742,27,22720
2019-04-03T21:41:15.000Z,50.79249,2.758742,27,22720
2019-04-03T21:41:15.000Z,50.79249,2.758742,27,22720
2019-04-03T21:42:50.000Z,50.787495,2.754457,27,22980
2019-04-03T21:42:50.000Z,50.787495,2.754457,27,22980
2019-04-03T21:42:50.000Z,50.787495,2.754457,27,22980
2019-04-03T21:59:20.000Z,50.736273,2.710097,27,22950
2019-04-03T21:59:20.000Z,50.736273,2.710097,27,22950
2019-04-03T21:59:20.000Z,50.736273,2.710097,27,22950
2019-04-03T22:09:14.000Z,50.703252,2.680173,27,22820
2019-04-03T22:09:14.000Z,50.703252,2.680173,27,22820
2019-04-03T22:09:14.000Z,50.703252,2.680173,27,22820
2019-04-03T22:18:30.000Z,50.67811500000001,2.656943,27,22810
2019-04-03T22:18:30.000Z,50.67811500000001,2.656943,27,22810
2019-04-03T22:18:30.000Z,50.67811500000001,2.656943,27,22810
2019-04-03T22:23:35.000Z,50.662642,2.642462,27,22730
2019-04-03T22:23:35.000Z,50.662642,2.642462,27,22730
2019-04-03T22:23:35.000Z,50.662642,2.642462,27,22730
2019-04-03T22:24:04.000Z,50.661127,2.64103,27,22700
2019-04-03T22:24:04.000Z,50.661127,2.64103,27,22700
2019-04-03T22:24:04.000Z,50.661127,2.64103,27,22700
2019-04-03T22:32:26.000Z,50.634683,2.618187,27,22970
2019-04-03T22:32:26.000Z,50.634683,2.618187,27,22970
2019-04-03T22:32:26.000Z,50.634683,2.618187,27,22970
2019-04-03T22:43:38.000Z,50.598213,2.58712,27,22800
2019-04-03T22:43:38.000Z,50.598213,2.58712,27,22800
2019-04-03T22:43:38.000Z,50.598213,2.58712,27,22800
2019-04-03T22:57:20.000Z,50.556047,2.54855,28,22700
2019-04-03T22:57:20.000Z,50.556047,2.54855,28,22700
2019-04-03T22:57:20.000Z,50.556047,2.54855,28,22700
2019-04-03T23:07:01.000Z,50.525033,2.522087,27,23000
2019-04-03T23:07:01.000Z,50.525033,2.522087,27,23000
2019-04-03T23:07:01.000Z,50.525033,2.522087,27,23000
2019-04-03T23:24:21.000Z,50.471813,2.474027,27,22660
2019-04-03T23:24:21.000Z,50.471813,2.474027,27,22660
2019-04-03T23:24:21.000Z,50.471813,2.474027,27,22660
2019-04-03T23:28:26.000Z,50.460193,2.462937,27,22720
2019-04-03T23:28:26.000Z,50.460193,2.462937,27,22720
2019-04-03T23:28:26.000Z,50.460193,2.462937,27,22720
2019-04-03T23:40:38.000Z,50.422422,2.429955,27,22810
2019-04-03T23:40:38.000Z,50.422422,2.429955,27,22810
2019-04-03T23:40:38.000Z,50.422422,2.429955,27,22810
2019-04-03T23:50:31.000Z,50.391947,2.402267,27,22740
2019-04-03T23:50:31.000Z,50.391947,2.402267,27,22740
2019-04-03T23:50:31.000Z,50.391947,2.402267,27,22740
2019-04-03T23:55:43.000Z,50.375813,2.388053,27,22870
2019-04-03T23:55:43.000Z,50.375813,2.388053,27,22870
2019-04-03T23:55:43.000Z,50.375813,2.388053,27,22870
2019-04-03T23:57:26.000Z,50.370347,2.38344,27,23030
2019-04-03T23:57:26.000Z,50.370347,2.38344,27,23030
2019-04-03T23:57:26.000Z,50.370347,2.38344,27,23030
2019-04-04T00:02:37.000Z,50.354312,2.369647,27,22910
2019-04-04T00:02:37.000Z,50.354312,2.369647,27,22910
2019-04-04T00:02:37.000Z,50.354312,2.369647,27,22910
2019-04-04T00:09:47.000Z,50.331923,2.349752,27,22880
2019-04-04T00:09:47.000Z,50.331923,2.349752,27,22880
2019-04-04T00:09:47.000Z,50.331923,2.349752,27,22880
2019-04-04T00:14:44.000Z,50.316603,2.3362130000000003,27,22830
2019-04-04T00:14:44.000Z,50.316603,2.3362130000000003,27,22830
2019-04-04T00:14:44.000Z,50.316603,2.3362130000000003,27,22830
2019-04-04T00:23:39.000Z,50.2884,2.31088,27,22810
2019-04-04T00:23:39.000Z,50.2884,2.31088,27,22810
2019-04-04T00:23:39.000Z,50.2884,2.31088,27,22810
2019-04-04T00:35:49.000Z,50.25145,2.277617,27,22800
2019-04-04T00:35:49.000Z,50.25145,2.277617,27,22800
2019-04-04T00:35:49.000Z,50.25145,2.277617,27,22800
2019-04-04T00:41:13.000Z,50.234302,2.263242,27,23080
2019-04-04T00:41:13.000Z,50.234302,2.263242,27,23080
2019-04-04T00:41:13.000Z,50.234302,2.263242,27,23080
2019-04-04T00:46:19.000Z,50.21847,2.24953,27,22720
2019-04-04T00:46:19.000Z,50.21847,2.24953,27,22720
2019-04-04T00:46:19.000Z,50.21847,2.24953,27,22720
2019-04-04T00:50:01.000Z,50.20727,2.239538,26,22710
2019-04-04T00:50:01.000Z,50.20727,2.239538,26,22710
2019-04-04T00:50:01.000Z,50.20727,2.239538,26,22710
2019-04-04T00:58:38.000Z,50.18112,2.21568,26,22760
2019-04-04T00:58:38.000Z,50.18112,2.21568,26,22760
2019-04-04T00:58:38.000Z,50.18112,2.21568,26,22760
2019-04-04T01:04:15.000Z,50.164853,2.20016,26,22630
2019-04-04T01:04:15.000Z,50.164853,2.20016,26,22630
2019-04-04T01:04:15.000Z,50.164853,2.20016,26,22630
2019-04-04T01:09:55.000Z,50.148903,2.184902,27,22830
2019-04-04T01:09:55.000Z,50.148903,2.184902,27,22830
2019-04-04T01:09:55.000Z,50.148903,2.184902,27,22830
2019-04-04T01:16:14.000Z,50.129192,2.167227,28,22860
2019-04-04T01:16:14.000Z,50.129192,2.167227,28,22860
2019-04-04T01:16:14.000Z,50.129192,2.167227,28,22860
2019-04-04T01:29:13.000Z,50.087787,2.131173,27,22770
2019-04-04T01:29:13.000Z,50.087787,2.131173,27,22770
2019-04-04T01:29:13.000Z,50.087787,2.131173,27,22770
2019-04-04T01:31:14.000Z,50.081573,2.125547,27,22720
2019-04-04T01:31:14.000Z,50.081573,2.125547,27,22720
2019-04-04T01:31:14.000Z,50.081573,2.125547,27,22720
2019-04-04T01:48:59.000Z,50.026947,2.075712,27,22800
2019-04-04T01:48:59.000Z,50.026947,2.075712,27,22800
2019-04-04T01:48:59.000Z,50.026947,2.075712,27,22800
2019-04-04T01:56:56.000Z,50.00184,2.053728,27,22870
2019-04-04T01:56:56.000Z,50.00184,2.053728,27,22870
2019-04-04T01:56:56.000Z,50.00184,2.053728,27,22870
2019-04-04T02:25:43.000Z,49.911813,1.9748,27,22890
2019-04-04T02:25:43.000Z,49.911813,1.9748,27,22890
2019-04-04T02:25:43.000Z,49.911813,1.9748,27,22890
2019-04-04T02:30:42.000Z,49.896187,1.960987,27,22950
2019-04-04T02:30:42.000Z,49.896187,1.960987,27,22950
2019-04-04T02:30:42.000Z,49.896187,1.960987,27,22950
2019-04-04T02:54:00.000Z,49.82267,1.89642,27,22890
2019-04-04T02:54:00.000Z,49.82267,1.89642,27,22890
2019-04-04T02:54:00.000Z,49.82267,1.89642,27,22890
2019-04-04T02:58:29.000Z,49.808542,1.883995,27,22870
2019-04-04T02:58:29.000Z,49.808542,1.883995,27,22870
2019-04-04T02:58:29.000Z,49.808542,1.883995,27,22870
2019-04-04T03:23:26.000Z,49.731853,1.815253,27,22730
2019-04-04T03:23:26.000Z,49.731853,1.815253,27,22730
2019-04-04T03:23:26.000Z,49.731853,1.815253,27,22730
2019-04-04T03:29:08.000Z,49.714412,1.7993580000000002,27,22830
2019-04-04T03:29:08.000Z,49.714412,1.7993580000000002,27,22830
2019-04-04T03:29:08.000Z,49.714412,1.7993580000000002,27,22830
2019-04-04T03:38:28.000Z,49.685667,1.773173,27,22870
2019-04-04T03:38:28.000Z,49.685667,1.773173,27,22870
2019-04-04T03:38:28.000Z,49.685667,1.773173,27,22870
2019-04-04T03:43:02.000Z,49.671808,1.760822,27,22830
2019-04-04T03:43:02.000Z,49.671808,1.760822,27,22830
2019-04-04T03:43:02.000Z,49.671808,1.760822,27,22830
2019-04-04T04:20:50.000Z,49.55432,1.657493,27,22760
2019-04-04T04:20:50.000Z,49.55432,1.657493,27,22760
2019-04-04T04:20:50.000Z,49.55432,1.657493,27,22760
2019-04-04T04:27:38.000Z,49.53347700000001,1.639268,27,22830
2019-04-04T04:27:38.000Z,49.53347700000001,1.639268,27,22830
2019-04-04T04:27:38.000Z,49.53347700000001,1.639268,27,22830
2019-04-04T04:36:59.000Z,49.504658,1.613972,27,22910
2019-04-04T04:36:59.000Z,49.504658,1.613972,27,22910
2019-04-04T04:36:59.000Z,49.504658,1.613972,27,22910
2019-04-04T04:52:07.000Z,49.458363,1.573032,27,22800
2019-04-04T04:52:07.000Z,49.458363,1.573032,27,22800
2019-04-04T04:52:07.000Z,49.458363,1.573032,27,22800
2019-04-04T05:00:48.000Z,49.431553,1.549635,27,22850
2019-04-04T05:00:48.000Z,49.431553,1.549635,27,22850
2019-04-04T05:00:48.000Z,49.431553,1.549635,27,22850
2019-04-04T05:02:50.000Z,49.425437,1.544203,27,22950
2019-04-04T05:02:50.000Z,49.425437,1.544203,27,22950
2019-04-04T05:02:50.000Z,49.425437,1.544203,27,22950
2019-04-04T05:24:56.000Z,49.358348,1.48526,26,22790
2019-04-04T05:24:56.000Z,49.358348,1.48526,26,22790
2019-04-04T05:24:56.000Z,49.358348,1.48526,26,22790
2019-04-04T05:33:13.000Z,49.333067,1.462773,26,22900
2019-04-04T05:33:13.000Z,49.333067,1.462773,26,22900
2019-04-04T05:33:13.000Z,49.333067,1.462773,26,22900
2019-04-04T05:38:15.000Z,49.318265,1.449635,26,22830
2019-04-04T05:38:15.000Z,49.318265,1.449635,26,22830
2019-04-04T05:38:15.000Z,49.318265,1.449635,26,22830
2019-04-04T05:39:54.000Z,49.31264,1.444587,26,22840
2019-04-04T05:39:54.000Z,49.31264,1.444587,26,22840
2019-04-04T05:39:54.000Z,49.31264,1.444587,26,22840
2019-04-04T06:07:20.000Z,49.231707,1.369467,27,22970
2019-04-04T06:07:20.000Z,49.231707,1.369467,27,22970
2019-04-04T06:07:20.000Z,49.231707,1.369467,27,22970
2019-04-04T06:12:53.000Z,49.213947,1.354453,27,22950
2019-04-04T06:12:53.000Z,49.213947,1.354453,27,22950
2019-04-04T06:12:53.000Z,49.213947,1.354453,27,22950
2019-04-04T06:16:29.000Z,49.202693,1.345147,27,23120
2019-04-04T06:16:29.000Z,49.202693,1.345147,27,23120
2019-04-04T06:16:29.000Z,49.202693,1.345147,27,23120
2019-04-04T06:22:53.000Z,49.182777,1.328383,27,23000
2019-04-04T06:22:53.000Z,49.182777,1.328383,27,23000
2019-04-04T06:22:53.000Z,49.182777,1.328383,27,23000
2019-04-04T06:29:46.000Z,49.161173,1.309733,27,22930
2019-04-04T06:29:46.000Z,49.161173,1.309733,27,22930
2019-04-04T06:29:46.000Z,49.161173,1.309733,27,22930
2019-04-04T06:34:55.000Z,49.14536,1.29568,27,22810
2019-04-04T06:34:55.000Z,49.14536,1.29568,27,22810
2019-04-04T06:34:55.000Z,49.14536,1.29568,27,22810
2019-04-04T06:43:01.000Z,49.12127,1.274103,27,22890
2019-04-04T06:43:01.000Z,49.12127,1.274103,27,22890
2019-04-04T06:43:01.000Z,49.12127,1.274103,27,22890
2019-04-04T06:48:25.000Z,49.104738,1.2593450000000002,27,22850
2019-04-04T06:48:25.000Z,49.104738,1.2593450000000002,27,22850
2019-04-04T06:48:25.000Z,49.104738,1.2593450000000002,27,22850
2019-04-04T06:52:08.000Z,49.093307,1.2492530000000002,27,22950
2019-04-04T06:52:08.000Z,49.093307,1.2492530000000002,27,22950
2019-04-04T06:52:08.000Z,49.093307,1.2492530000000002,27,22950
2019-04-04T06:58:06.000Z,49.074933,1.232507,27,22730
2019-04-04T06:58:06.000Z,49.074933,1.232507,27,22730
2019-04-04T06:58:06.000Z,49.074933,1.232507,27,22730
2019-04-04T07:08:17.000Z,49.044293,1.204693,27,22820
2019-04-04T07:08:17.000Z,49.044293,1.204693,27,22820
2019-04-04T07:08:17.000Z,49.044293,1.204693,27,22820
2019-04-04T07:14:30.000Z,49.024933,1.186933,27,22820
2019-04-04T07:14:30.000Z,49.024933,1.186933,27,22820
2019-04-04T07:14:30.000Z,49.024933,1.186933,27,22820
2019-04-04T07:21:23.000Z,49.00456,1.168453,27,22860
2019-04-04T07:21:23.000Z,49.00456,1.168453,27,22860
2019-04-04T07:21:23.000Z,49.00456,1.168453,27,22860
2019-04-04T07:25:04.000Z,48.99352,1.158613,27,22830
2019-04-04T07:25:04.000Z,48.99352,1.158613,27,22830
2019-04-04T07:25:04.000Z,48.99352,1.158613,27,22830
2019-04-04T07:35:26.000Z,48.96178,1.130557,27,22870
2019-04-04T07:35:26.000Z,48.96178,1.130557,27,22870
2019-04-04T07:35:26.000Z,48.96178,1.130557,27,22870
2019-04-04T07:40:31.000Z,48.9464,1.11736,26,22840
2019-04-04T07:40:31.000Z,48.9464,1.11736,26,22840
2019-04-04T07:40:31.000Z,48.9464,1.11736,26,22840
2019-04-04T07:46:06.000Z,48.929013,1.102,27,22860
2019-04-04T07:46:06.000Z,48.929013,1.102,27,22860
2019-04-04T07:46:06.000Z,48.929013,1.102,27,22860
2019-04-04T07:51:11.000Z,48.913413,1.088213,27,22930
2019-04-04T07:51:11.000Z,48.913413,1.088213,27,22930
2019-04-04T07:51:11.000Z,48.913413,1.088213,27,22930
2019-04-04T07:52:23.000Z,48.909707,1.08496,27,22870
2019-04-04T07:52:23.000Z,48.909707,1.08496,27,22870
2019-04-04T07:52:23.000Z,48.909707,1.08496,27,22870
2019-04-04T07:58:59.000Z,48.88952000000001,1.067067,27,22880
2019-04-04T07:58:59.000Z,48.88952000000001,1.067067,27,22880
2019-04-04T07:58:59.000Z,48.88952000000001,1.067067,27,22880
2019-04-04T08:03:34.000Z,48.875653,1.054907,26,22900
2019-04-04T08:03:34.000Z,48.875653,1.054907,26,22900
2019-04-04T08:03:34.000Z,48.875653,1.054907,26,22900
2019-04-04T08:09:07.000Z,48.858667,1.03968,26,22780
2019-04-04T08:09:07.000Z,48.858667,1.03968,26,22780
2019-04-04T08:09:07.000Z,48.858667,1.03968,26,22780
2019-04-04T08:16:07.000Z,48.838587,1.02168,26,22850
2019-04-04T08:16:07.000Z,48.838587,1.02168,26,22850
2019-04-04T08:16:07.000Z,48.838587,1.02168,26,22850
2019-04-04T08:24:13.000Z,48.81408,0.999467,26,22870
2019-04-04T08:24:13.000Z,48.81408,0.999467,26,22870
2019-04-04T08:24:13.000Z,48.81408,0.999467,26,22870
2019-04-04T08:30:13.000Z,48.796667,0.983787,26,22740
2019-04-04T08:30:13.000Z,48.796667,0.983787,26,22740
2019-04-04T08:30:13.000Z,48.796667,0.983787,26,22740
2019-04-04T08:35:30.000Z,48.78104,0.96992,26,23100
2019-04-04T08:35:30.000Z,48.78104,0.96992,26,23100
2019-04-04T08:35:30.000Z,48.78104,0.96992,26,23100
2019-04-04T08:36:49.000Z,48.77728,0.966533,26,22790
2019-04-04T08:36:49.000Z,48.77728,0.966533,26,22790
2019-04-04T08:36:49.000Z,48.77728,0.966533,26,22790
2019-04-04T08:53:48.000Z,48.726827,0.92304,26,22960
2019-04-04T08:53:48.000Z,48.726827,0.92304,26,22960
2019-04-04T08:53:48.000Z,48.726827,0.92304,26,22960
2019-04-04T08:59:47.000Z,48.709147,0.907973,26,23040
2019-04-04T08:59:47.000Z,48.709147,0.907973,26,23040
2019-04-04T08:59:47.000Z,48.709147,0.907973,26,23040
2019-04-04T09:05:02.000Z,48.693573,0.894107,26,22820
2019-04-04T09:05:02.000Z,48.693573,0.894107,26,22820
2019-04-04T09:05:02.000Z,48.693573,0.894107,26,22820
2019-04-04T09:11:15.000Z,48.675462,0.8770030000000001,26,22720
2019-04-04T09:11:15.000Z,48.675462,0.8770030000000001,26,22720
2019-04-04T09:11:15.000Z,48.675462,0.8770030000000001,26,22720
2019-04-04T09:13:39.000Z,48.668493,0.8703649999999999,26,22640
2019-04-04T09:13:39.000Z,48.668493,0.8703649999999999,26,22640
2019-04-04T09:13:39.000Z,48.668493,0.8703649999999999,26,22640
2019-04-04T09:32:14.000Z,48.61252,0.820343,27,22950
2019-04-04T09:32:14.000Z,48.61252,0.820343,27,22950
2019-04-04T09:32:14.000Z,48.61252,0.820343,27,22950
2019-04-04T09:58:43.000Z,48.531707,0.7484,26,22900
2019-04-04T09:58:43.000Z,48.531707,0.7484,26,22900
2019-04-04T09:58:43.000Z,48.531707,0.7484,26,22900
2019-04-04T10:04:45.000Z,48.513912,0.732642,26,22790
2019-04-04T10:04:45.000Z,48.513912,0.732642,26,22790
2019-04-04T10:04:45.000Z,48.513912,0.732642,26,22790
2019-04-04T10:27:02.000Z,48.446937,0.6728649999999999,26,22930
2019-04-04T10:27:02.000Z,48.446937,0.6728649999999999,26,22930
2019-04-04T10:27:02.000Z,48.446937,0.6728649999999999,26,22930
2019-04-04T10:36:22.000Z,48.418577,0.6480100000000001,26,22880
2019-04-04T10:36:22.000Z,48.418577,0.6480100000000001,26,22880
2019-04-04T10:36:22.000Z,48.418577,0.6480100000000001,26,22880
2019-04-04T10:40:11.000Z,48.407098,0.637877,26,22890
2019-04-04T10:40:11.000Z,48.407098,0.637877,26,22890
2019-04-04T10:40:11.000Z,48.407098,0.637877,26,22890
2019-04-04T10:59:57.000Z,48.3476,0.5843729999999999,26,22930
2019-04-04T10:59:57.000Z,48.3476,0.5843729999999999,26,22930
2019-04-04T10:59:57.000Z,48.3476,0.5843729999999999,26,22930
2019-04-04T11:04:57.000Z,48.332347,0.571067,26,22940
2019-04-04T11:04:57.000Z,48.332347,0.571067,26,22940
2019-04-04T11:04:57.000Z,48.332347,0.571067,26,22940
2019-04-04T11:07:27.000Z,48.324747,0.5643199999999999,27,22970
2019-04-04T11:07:27.000Z,48.324747,0.5643199999999999,27,22970
2019-04-04T11:07:27.000Z,48.324747,0.5643199999999999,27,22970
2019-04-04T11:13:55.000Z,48.305327,0.547305,27,22990
2019-04-04T11:13:55.000Z,48.305327,0.547305,27,22990
2019-04-04T11:13:55.000Z,48.305327,0.547305,27,22990
2019-04-04T11:24:08.000Z,48.274587,0.5196270000000001,27,22670
2019-04-04T11:24:08.000Z,48.274587,0.5196270000000001,27,22670
2019-04-04T11:24:08.000Z,48.274587,0.5196270000000001,27,22670
2019-04-04T11:29:32.000Z,48.25816,0.5047470000000001,27,22890
2019-04-04T11:29:32.000Z,48.25816,0.5047470000000001,27,22890
2019-04-04T11:29:32.000Z,48.25816,0.5047470000000001,27,22890
2019-04-04T11:34:37.000Z,48.242107,0.490373,27,22910
2019-04-04T11:34:37.000Z,48.242107,0.490373,27,22910
2019-04-04T11:34:37.000Z,48.242107,0.490373,27,22910
2019-04-04T11:39:44.000Z,48.226293,0.476613,27,22820
2019-04-04T11:39:44.000Z,48.226293,0.476613,27,22820
2019-04-04T11:39:44.000Z,48.226293,0.476613,27,22820
2019-04-04T11:39:49.000Z,48.226053,0.476373,27,22860
2019-04-04T11:39:49.000Z,48.226053,0.476373,27,22860
2019-04-04T11:39:49.000Z,48.226053,0.476373,27,22860
2019-04-04T11:47:43.000Z,48.202105,0.455455,27,22880
2019-04-04T11:47:43.000Z,48.202105,0.455455,27,22880
2019-04-04T11:47:43.000Z,48.202105,0.455455,27,22880
2019-04-04T12:23:26.000Z,48.093165,0.358037,27,22980
2019-04-04T12:23:26.000Z,48.093165,0.358037,27,22980
2019-04-04T12:23:26.000Z,48.093165,0.358037,27,22980
2019-04-04T12:23:54.000Z,48.091622,0.356697,27,22900
2019-04-04T12:23:54.000Z,48.091622,0.356697,27,22900
2019-04-04T12:23:54.000Z,48.091622,0.356697,27,22900
2019-04-04T12:38:22.000Z,48.046827,0.31712,27,22800
2019-04-04T12:38:22.000Z,48.046827,0.31712,27,22800
2019-04-04T12:38:22.000Z,48.046827,0.31712,27,22800
2019-04-04T12:42:02.000Z,48.035707,0.306987,27,22780
2019-04-04T12:42:02.000Z,48.035707,0.306987,27,22780
2019-04-04T12:42:02.000Z,48.035707,0.306987,27,22780
2019-04-04T12:47:27.000Z,48.01982,0.29272,27,22760
2019-04-04T12:47:27.000Z,48.01982,0.29272,27,22760
2019-04-04T12:47:27.000Z,48.01982,0.29272,27,22760
2019-04-04T13:03:26.000Z,47.970747,0.249467,27,22890
2019-04-04T13:03:26.000Z,47.970747,0.249467,27,22890
2019-04-04T13:03:26.000Z,47.970747,0.249467,27,22890
2019-04-04T13:06:32.000Z,47.961147,0.241093,27,22840
2019-04-04T13:06:32.000Z,47.961147,0.241093,27,22840
2019-04-04T13:06:32.000Z,47.961147,0.241093,27,22840
2019-04-04T13:16:56.000Z,47.929127,0.212393,27,22570
2019-04-04T13:16:56.000Z,47.929127,0.212393,27,22570
2019-04-04T13:16:56.000Z,47.929127,0.212393,27,22570
2019-04-04T13:23:14.000Z,47.909843,0.19501,27,22930
2019-04-04T13:23:14.000Z,47.909843,0.19501,27,22930
2019-04-04T13:23:14.000Z,47.909843,0.19501,27,22930
2019-04-04T13:53:19.000Z,47.816457,0.113193,27,22460
2019-04-04T13:53:19.000Z,47.816457,0.113193,27,22460
2019-04-04T13:53:19.000Z,47.816457,0.113193,27,22460
2019-04-04T13:59:52.000Z,47.796242,0.095273,27,22780
2019-04-04T13:59:52.000Z,47.796242,0.095273,27,22780
2019-04-04T13:59:52.000Z,47.796242,0.095273,27,22780
2019-04-04T14:10:06.000Z,47.76572,0.066938,27,22650
2019-04-04T14:10:06.000Z,47.76572,0.066938,27,22650
2019-04-04T14:10:06.000Z,47.76572,0.066938,27,22650
2019-04-04T14:15:11.000Z,47.75048,0.05272,27,22690
2019-04-04T14:15:11.000Z,47.75048,0.05272,27,22690
2019-04-04T14:15:11.000Z,47.75048,0.05272,27,22690
2019-04-04T14:18:53.000Z,47.7392,0.04248,27,22770
2019-04-04T14:18:53.000Z,47.7392,0.04248,27,22770
2019-04-04T14:18:53.000Z,47.7392,0.04248,27,22770
2019-04-04T15:05:44.000Z,47.593455,-0.083867,27,22710
2019-04-04T15:05:44.000Z,47.593455,-0.083867,27,22710
2019-04-04T15:05:44.000Z,47.593455,-0.083867,27,22710
2019-04-04T15:10:30.000Z,47.57886,-0.097293,27,22790
2019-04-04T15:10:30.000Z,47.57886,-0.097293,27,22790
2019-04-04T15:10:30.000Z,47.57886,-0.097293,27,22790
2019-04-04T15:30:36.000Z,47.517468,-0.15428,27,22690
2019-04-04T15:30:36.000Z,47.517468,-0.15428,27,22690
2019-04-04T15:30:36.000Z,47.517468,-0.15428,27,22690
2019-04-04T15:37:03.000Z,47.497813,-0.172445,27,22860
2019-04-04T15:37:03.000Z,47.497813,-0.172445,27,22860
2019-04-04T15:37:03.000Z,47.497813,-0.172445,27,22860
2019-04-04T15:45:28.000Z,47.471133,-0.19603,27,22870
2019-04-04T15:45:28.000Z,47.471133,-0.19603,27,22870
2019-04-04T15:45:28.000Z,47.471133,-0.19603,27,22870
2019-04-04T15:51:52.000Z,47.450913,-0.213693,27,22910
2019-04-04T15:51:52.000Z,47.450913,-0.213693,27,22910
2019-04-04T15:51:52.000Z,47.450913,-0.213693,27,22910
2019-04-04T16:10:38.000Z,47.39146,-0.265138,28,22940
2019-04-04T16:10:38.000Z,47.39146,-0.265138,28,22940
2019-04-04T16:10:38.000Z,47.39146,-0.265138,28,22940
2019-04-04T16:44:24.000Z,47.285443,-0.358543,27,22830
2019-04-04T16:44:24.000Z,47.285443,-0.358543,27,22830
2019-04-04T16:44:24.000Z,47.285443,-0.358543,27,22830
2019-04-04T16:45:00.000Z,47.283585,-0.360198,27,22800
2019-04-04T16:45:00.000Z,47.283585,-0.360198,27,22800
2019-04-04T16:45:00.000Z,47.283585,-0.360198,27,22800
2019-04-04T16:45:17.000Z,47.282663,-0.361063,27,22750
2019-04-04T16:45:17.000Z,47.282663,-0.361063,27,22750
2019-04-04T16:45:17.000Z,47.282663,-0.361063,27,22750
2019-04-04T16:45:34.000Z,47.28174,-0.36191,27,22720
2019-04-04T16:45:34.000Z,47.28174,-0.36191,27,22720
2019-04-04T16:45:34.000Z,47.28174,-0.36191,27,22720
2019-04-04T16:45:42.000Z,47.281442,-0.362192,27,22680
2019-04-04T16:45:42.000Z,47.281442,-0.362192,27,22680
2019-04-04T16:45:42.000Z,47.281442,-0.362192,27,22680
2019-04-04T16:46:17.000Z,47.279637,-0.363902,27,22690
2019-04-04T16:46:17.000Z,47.279637,-0.363902,27,22690
2019-04-04T16:46:17.000Z,47.279637,-0.363902,27,22690
2019-04-04T16:46:34.000Z,47.278727,-0.364742,27,22700
2019-04-04T16:46:34.000Z,47.278727,-0.364742,27,22700
2019-04-04T16:46:34.000Z,47.278727,-0.364742,27,22700
2019-04-04T16:47:34.000Z,47.275652,-0.367548,27,22850
2019-04-04T16:47:34.000Z,47.275652,-0.367548,27,22850
2019-04-04T16:47:34.000Z,47.275652,-0.367548,27,22850
2019-04-04T16:47:41.000Z,47.275333,-0.367813,27,22840
2019-04-04T16:47:41.000Z,47.275333,-0.367813,27,22840
2019-04-04T16:47:41.000Z,47.275333,-0.367813,27,22840
2019-04-04T16:47:48.000Z,47.275035,-0.368097,27,22770
2019-04-04T16:47:48.000Z,47.275035,-0.368097,27,22770
2019-04-04T16:47:48.000Z,47.275035,-0.368097,27,22770
2019-04-04T16:47:59.000Z,47.274418,-0.368665,27,22770
2019-04-04T16:47:59.000Z,47.274418,-0.368665,27,22770
2019-04-04T16:47:59.000Z,47.274418,-0.368665,27,22770
2019-04-04T16:48:17.000Z,47.273477,-0.369487,27,22840
2019-04-04T16:48:17.000Z,47.273477,-0.369487,27,22840
2019-04-04T16:48:17.000Z,47.273477,-0.369487,27,22840
2019-04-04T16:48:34.000Z,47.272558,-0.370333,27,22790
2019-04-04T16:48:34.000Z,47.272558,-0.370333,27,22790
2019-04-04T16:48:34.000Z,47.272558,-0.370333,27,22790
2019-04-04T16:49:00.000Z,47.271372,-0.371463,27,22660
2019-04-04T16:49:00.000Z,47.271372,-0.371463,27,22660
2019-04-04T16:49:00.000Z,47.271372,-0.371463,27,22660
2019-04-04T17:08:13.000Z,47.212232,-0.425067,27,22720
2019-04-04T17:08:13.000Z,47.212232,-0.425067,27,22720
2019-04-04T17:08:13.000Z,47.212232,-0.425067,27,22720
2019-04-04T17:08:43.000Z,47.210697,-0.426478,27,22770
2019-04-04T17:08:43.000Z,47.210697,-0.426478,27,22770
2019-04-04T17:08:43.000Z,47.210697,-0.426478,27,22770
2019-04-04T17:11:02.000Z,47.203457,-0.432867,27,22840
2019-04-04T17:11:02.000Z,47.203457,-0.432867,27,22840
2019-04-04T17:11:02.000Z,47.203457,-0.432867,27,22840
2019-04-04T17:11:13.000Z,47.20289,-0.433363,27,22830
2019-04-04T17:11:13.000Z,47.20289,-0.433363,27,22830
2019-04-04T17:11:13.000Z,47.20289,-0.433363,27,22830
2019-04-04T17:11:19.000Z,47.202592,-0.433648,27,22830
2019-04-04T17:11:19.000Z,47.202592,-0.433648,27,22830
2019-04-04T17:11:19.000Z,47.202592,-0.433648,27,22830
2019-04-04T17:12:25.000Z,47.199173,-0.436717,27,22830
2019-04-04T17:12:25.000Z,47.199173,-0.436717,27,22830
2019-04-04T17:12:25.000Z,47.199173,-0.436717,27,22830
2019-04-04T17:12:31.000Z,47.198882,-0.436987,27,22770
2019-04-04T17:12:31.000Z,47.198882,-0.436987,27,22770
2019-04-04T17:12:31.000Z,47.198882,-0.436987,27,22770
2019-04-04T17:12:37.000Z,47.198563,-0.437267,27,22800
2019-04-04T17:12:37.000Z,47.198563,-0.437267,27,22800
2019-04-04T17:12:37.000Z,47.198563,-0.437267,27,22800
2019-04-04T17:12:49.000Z,47.19795,-0.437822,27,22810
2019-04-04T17:12:49.000Z,47.19795,-0.437822,27,22810
2019-04-04T17:12:49.000Z,47.19795,-0.437822,27,22810
2019-04-04T17:20:44.000Z,47.173378,-0.45965,27,22890
2019-04-04T17:20:44.000Z,47.173378,-0.45965,27,22890
2019-04-04T17:20:44.000Z,47.173378,-0.45965,27,22890
2019-04-04T17:21:14.000Z,47.171827,-0.461033,27,22790
2019-04-04T17:21:14.000Z,47.171827,-0.461033,27,22790
2019-04-04T17:21:14.000Z,47.171827,-0.461033,27,22790
2019-04-04T17:21:59.000Z,47.169333,-0.46328,27,22800
2019-04-04T17:21:59.000Z,47.169333,-0.46328,27,22800
2019-04-04T17:21:59.000Z,47.169333,-0.46328,27,22800
2019-04-04T17:24:40.000Z,47.16096,-0.4708270000000001,27,22890
2019-04-04T17:24:40.000Z,47.16096,-0.4708270000000001,27,22890
2019-04-04T17:24:40.000Z,47.16096,-0.4708270000000001,27,22890
2019-04-04T17:26:54.000Z,47.153413,-0.477547,27,22730
2019-04-04T17:26:54.000Z,47.153413,-0.477547,27,22730
2019-04-04T17:26:54.000Z,47.153413,-0.477547,27,22730
2019-04-04T17:31:40.000Z,47.139235,-0.490385,27,22810
2019-04-04T17:31:40.000Z,47.139235,-0.490385,27,22810
2019-04-04T17:31:40.000Z,47.139235,-0.490385,27,22810
2019-04-04T17:31:52.000Z,47.138665,-0.490898,27,22840
2019-04-04T17:31:52.000Z,47.138665,-0.490898,27,22840
2019-04-04T17:31:52.000Z,47.138665,-0.490898,27,22840
2019-04-04T17:31:58.000Z,47.138298,-0.491228,27,22840
2019-04-04T17:31:58.000Z,47.138298,-0.491228,27,22840
2019-04-04T17:32:04.000Z,47.137998,-0.491513,27,22790
2019-04-04T17:32:04.000Z,47.137998,-0.491513,27,22790
2019-04-04T17:32:04.000Z,47.137998,-0.491513,27,22790
2019-04-04T17:31:58.000Z,47.138298,-0.491228,27,22840
2019-04-04T17:32:10.000Z,47.137745,-0.491743,27,22820
2019-04-04T17:32:10.000Z,47.137745,-0.491743,27,22820
2019-04-04T17:32:10.000Z,47.137745,-0.491743,27,22820
2019-04-04T17:32:40.000Z,47.136168,-0.493185,27,22770
2019-04-04T17:32:40.000Z,47.136168,-0.493185,27,22770
2019-04-04T17:32:40.000Z,47.136168,-0.493185,27,22770
2019-04-04T17:32:46.000Z,47.135855,-0.493468,27,22730
2019-04-04T17:32:46.000Z,47.135855,-0.493468,27,22730
2019-04-04T17:32:46.000Z,47.135855,-0.493468,27,22730
2019-04-04T17:32:52.000Z,47.135602,-0.493702,27,22810
2019-04-04T17:32:52.000Z,47.135602,-0.493702,27,22810
2019-04-04T17:32:52.000Z,47.135602,-0.493702,27,22810
2019-04-04T17:32:58.000Z,47.135242,-0.494037,27,22750
2019-04-04T17:32:58.000Z,47.135242,-0.494037,27,22750
2019-04-04T17:32:58.000Z,47.135242,-0.494037,27,22750
2019-04-04T17:33:28.000Z,47.133762,-0.495375,27,22820
2019-04-04T17:33:28.000Z,47.133762,-0.495375,27,22820
2019-04-04T17:33:28.000Z,47.133762,-0.495375,27,22820
2019-04-04T17:33:34.000Z,47.133448,-0.495657,27,22780
2019-04-04T17:33:34.000Z,47.133448,-0.495657,27,22780
2019-04-04T17:33:34.000Z,47.133448,-0.495657,27,22780
2019-04-04T17:33:46.000Z,47.13278,-0.49626,27,22830
2019-04-04T17:33:46.000Z,47.13278,-0.49626,27,22830
2019-04-04T17:33:46.000Z,47.13278,-0.49626,27,22830
2019-04-04T17:33:58.000Z,47.132165,-0.496808,27,22870
2019-04-04T17:33:58.000Z,47.132165,-0.496808,27,22870
2019-04-04T17:33:58.000Z,47.132165,-0.496808,27,22870
2019-04-04T17:51:27.000Z,47.078193,-0.5447350000000001,27,22920
2019-04-04T17:51:27.000Z,47.078193,-0.5447350000000001,27,22920
2019-04-04T17:51:27.000Z,47.078193,-0.5447350000000001,27,22920
2019-04-04T17:54:38.000Z,47.06856,-0.5532,27,22980
2019-04-04T17:54:38.000Z,47.06856,-0.5532,27,22980
2019-04-04T17:54:38.000Z,47.06856,-0.5532,27,22980
2019-04-04T17:54:44.000Z,47.06824,-0.553467,27,22980
2019-04-04T17:54:44.000Z,47.06824,-0.553467,27,22980
2019-04-04T17:54:44.000Z,47.06824,-0.553467,27,22980
2019-04-04T17:55:13.000Z,47.06664,-0.5548,27,22990
2019-04-04T17:55:13.000Z,47.06664,-0.5548,27,22990
2019-04-04T17:55:13.000Z,47.06664,-0.5548,27,22990
2019-04-04T17:55:32.000Z,47.065387,-0.555858,27,23010
2019-04-04T17:55:32.000Z,47.065387,-0.555858,27,23010
2019-04-04T17:55:32.000Z,47.065387,-0.555858,27,23010
2019-04-04T17:56:37.000Z,47.06224,-0.5585600000000001,27,22900
2019-04-04T17:56:37.000Z,47.06224,-0.5585600000000001,27,22900
2019-04-04T17:56:37.000Z,47.06224,-0.5585600000000001,27,22900
2019-04-04T17:57:13.000Z,47.060373,-0.560213,27,22890
2019-04-04T17:57:13.000Z,47.060373,-0.560213,27,22890
2019-04-04T17:57:13.000Z,47.060373,-0.560213,27,22890
2019-04-04T17:57:38.000Z,47.058505,-0.5618529999999999,27,22840
2019-04-04T17:57:38.000Z,47.058505,-0.5618529999999999,27,22840
2019-04-04T17:57:38.000Z,47.058505,-0.5618529999999999,27,22840
2019-04-04T18:02:35.000Z,47.043093,-0.57528,27,22810
2019-04-04T18:02:35.000Z,47.043093,-0.57528,27,22810
2019-04-04T18:02:35.000Z,47.043093,-0.57528,27,22810
2019-04-04T18:03:46.000Z,47.039387,-0.578507,27,22950
2019-04-04T18:03:46.000Z,47.039387,-0.578507,27,22950
2019-04-04T18:03:46.000Z,47.039387,-0.578507,27,22950
2019-04-04T18:12:25.000Z,47.012427,-0.602107,27,23020
2019-04-04T18:12:25.000Z,47.012427,-0.602107,27,23020
2019-04-04T18:12:25.000Z,47.012427,-0.602107,27,23020
2019-04-04T18:13:38.000Z,47.008453,-0.605387,27,22940
2019-04-04T18:13:38.000Z,47.008453,-0.605387,27,22940
2019-04-04T18:13:38.000Z,47.008453,-0.605387,27,22940
2019-04-04T18:16:05.000Z,47.00136,-0.611707,27,22930
2019-04-04T18:16:05.000Z,47.00136,-0.611707,27,22930
2019-04-04T18:16:05.000Z,47.00136,-0.611707,27,22930
2019-04-04T18:24:42.000Z,46.974187,-0.635253,27,22940
2019-04-04T18:24:42.000Z,46.974187,-0.635253,27,22940
2019-04-04T18:24:42.000Z,46.974187,-0.635253,27,22940
2019-04-04T18:24:48.000Z,46.973947,-0.635493,27,22900
2019-04-04T18:24:48.000Z,46.973947,-0.635493,27,22900
2019-04-04T18:24:48.000Z,46.973947,-0.635493,27,22900
2019-04-04T18:28:50.000Z,46.961767,-0.646175,27,22970
2019-04-04T18:28:50.000Z,46.961767,-0.646175,27,22970
2019-04-04T18:28:50.000Z,46.961767,-0.646175,27,22970
2019-04-04T18:32:05.000Z,46.951638,-0.654958,26,22860
2019-04-04T18:32:05.000Z,46.951638,-0.654958,26,22860
2019-04-04T18:32:05.000Z,46.951638,-0.654958,26,22860
2019-04-04T18:36:40.000Z,46.93776,-0.667253,26,22810
2019-04-04T18:36:40.000Z,46.93776,-0.667253,26,22810
2019-04-04T18:36:40.000Z,46.93776,-0.667253,26,22810
2019-04-04T18:38:44.000Z,46.931707,-0.672667,26,22800
2019-04-04T18:38:44.000Z,46.931707,-0.672667,26,22800
2019-04-04T18:38:44.000Z,46.931707,-0.672667,26,22800
2019-04-04T18:39:26.000Z,46.929547,-0.6745869999999999,27,22870
2019-04-04T18:39:26.000Z,46.929547,-0.6745869999999999,27,22870
2019-04-04T18:39:26.000Z,46.929547,-0.6745869999999999,27,22870
2019-04-04T18:39:43.000Z,46.928027,-0.67592,27,22850
2019-04-04T18:39:43.000Z,46.928027,-0.67592,27,22850
2019-04-04T18:39:43.000Z,46.928027,-0.67592,27,22850
2019-04-04T18:48:18.000Z,46.902373,-0.699013,27,22770
2019-04-04T18:48:18.000Z,46.902373,-0.699013,27,22770
2019-04-04T18:48:18.000Z,46.902373,-0.699013,27,22770
2019-04-04T18:48:30.000Z,46.901733,-0.6996,27,22740
2019-04-04T18:48:30.000Z,46.901733,-0.6996,27,22740
2019-04-04T18:48:30.000Z,46.901733,-0.6996,27,22740
2019-04-04T18:49:06.000Z,46.899973,-0.7011729999999999,27,22820
2019-04-04T18:49:06.000Z,46.899973,-0.7011729999999999,27,22820
2019-04-04T18:49:06.000Z,46.899973,-0.7011729999999999,27,22820
2019-04-04T18:49:14.000Z,46.8996,-0.701493,27,22830
2019-04-04T18:49:14.000Z,46.8996,-0.701493,27,22830
2019-04-04T18:49:14.000Z,46.8996,-0.701493,27,22830
2019-04-04T18:49:31.000Z,46.898693,-0.7022930000000001,27,22860
2019-04-04T18:49:31.000Z,46.898693,-0.7022930000000001,27,22860
2019-04-04T18:49:31.000Z,46.898693,-0.7022930000000001,27,22860
2019-04-04T18:50:14.000Z,46.89653300000001,-0.70416,27,22960
2019-04-04T18:50:14.000Z,46.89653300000001,-0.70416,27,22960
2019-04-04T18:50:14.000Z,46.89653300000001,-0.70416,27,22960
2019-04-04T18:50:29.000Z,46.89568,-0.704907,27,22950
2019-04-04T18:50:29.000Z,46.89568,-0.704907,27,22950
2019-04-04T18:50:29.000Z,46.89568,-0.704907,27,22950
2019-04-04T18:51:42.000Z,46.892053,-0.708133,26,22810
2019-04-04T18:51:42.000Z,46.892053,-0.708133,26,22810
2019-04-04T18:51:48.000Z,46.891733,-0.7084,26,22810
2019-04-04T18:51:42.000Z,46.892053,-0.708133,26,22810
2019-04-04T18:51:48.000Z,46.891733,-0.7084,26,22810
2019-04-04T18:51:48.000Z,46.891733,-0.7084,26,22810
2019-04-04T18:51:54.000Z,46.89144,-0.708667,26,22810
2019-04-04T18:51:54.000Z,46.89144,-0.708667,26,22810
2019-04-04T18:51:54.000Z,46.89144,-0.708667,26,22810
2019-04-04T18:52:06.000Z,46.890827,-0.709227,26,22810
2019-04-04T18:52:06.000Z,46.890827,-0.709227,26,22810
2019-04-04T18:52:06.000Z,46.890827,-0.709227,26,22810
2019-04-04T18:52:13.000Z,46.890507,-0.709547,26,22750
2019-04-04T18:52:13.000Z,46.890507,-0.709547,26,22750
2019-04-04T18:52:13.000Z,46.890507,-0.709547,26,22750
2019-04-04T18:52:30.000Z,46.889653,-0.71032,26,22770
2019-04-04T18:52:30.000Z,46.889653,-0.71032,26,22770
2019-04-04T18:52:30.000Z,46.889653,-0.71032,26,22770
2019-04-04T18:52:48.000Z,46.888747,-0.71112,26,22830
2019-04-04T18:52:48.000Z,46.888747,-0.71112,26,22830
2019-04-04T18:52:48.000Z,46.888747,-0.71112,26,22830
2019-04-04T18:52:54.000Z,46.888427,-0.711413,26,22800
2019-04-04T18:52:54.000Z,46.888427,-0.711413,26,22800
2019-04-04T18:53:00.000Z,46.888133,-0.71168,27,22810
2019-04-04T18:52:54.000Z,46.888427,-0.711413,26,22800
2019-04-04T18:53:00.000Z,46.888133,-0.71168,27,22810
2019-04-04T18:53:00.000Z,46.888133,-0.71168,27,22810
2019-04-04T18:53:13.000Z,46.887467,-0.712267,27,22840
2019-04-04T18:53:13.000Z,46.887467,-0.712267,27,22840
2019-04-04T18:53:13.000Z,46.887467,-0.712267,27,22840
2019-04-04T18:53:18.000Z,46.887173,-0.712533,27,22840
2019-04-04T18:53:18.000Z,46.887173,-0.712533,27,22840
2019-04-04T18:53:18.000Z,46.887173,-0.712533,27,22840
2019-04-04T18:53:24.000Z,46.88688,-0.7128,27,22860
2019-04-04T18:53:24.000Z,46.88688,-0.7128,27,22860
2019-04-04T18:53:24.000Z,46.88688,-0.7128,27,22860
2019-04-04T18:53:31.000Z,46.88664,-0.713013,27,22850
2019-04-04T18:53:31.000Z,46.88664,-0.713013,27,22850
2019-04-04T18:53:31.000Z,46.88664,-0.713013,27,22850
2019-04-04T18:53:45.000Z,46.886,-0.713547,27,22880
2019-04-04T18:53:45.000Z,46.886,-0.713547,27,22880
2019-04-04T18:53:48.000Z,46.885707,-0.713813,27,22890
2019-04-04T18:53:45.000Z,46.886,-0.713547,27,22880
2019-04-04T18:53:48.000Z,46.885707,-0.713813,27,22890
2019-04-04T18:53:48.000Z,46.885707,-0.713813,27,22890
2019-04-04T18:54:22.000Z,46.884133,-0.7152,27,22920
2019-04-04T18:54:17.000Z,46.884453,-0.714933,27,22890
2019-04-04T18:54:22.000Z,46.884133,-0.7152,27,22920
2019-04-04T18:54:17.000Z,46.884453,-0.714933,27,22890
2019-04-04T18:54:22.000Z,46.884133,-0.7152,27,22920
2019-04-04T18:54:17.000Z,46.884453,-0.714933,27,22890
2019-04-04T18:54:25.000Z,46.88384,-0.715467,27,22880
2019-04-04T18:54:25.000Z,46.88384,-0.715467,27,22880
2019-04-04T18:54:25.000Z,46.88384,-0.715467,27,22880
2019-04-04T18:54:30.000Z,46.883573,-0.715707,27,22910
2019-04-04T18:54:30.000Z,46.883573,-0.715707,27,22910
2019-04-04T18:54:30.000Z,46.883573,-0.715707,27,22910
2019-04-04T18:54:34.000Z,46.883573,-0.715707,27,22910
2019-04-04T18:54:34.000Z,46.883573,-0.715707,27,22910
2019-04-04T18:54:34.000Z,46.883573,-0.715707,27,22910
2019-04-04T18:54:36.000Z,46.883253,-0.715947,27,22950
2019-04-04T18:54:36.000Z,46.883253,-0.715947,27,22950
2019-04-04T18:54:36.000Z,46.883253,-0.715947,27,22950
2019-04-04T18:54:42.000Z,46.88296,-0.71624,26,22870
2019-04-04T18:54:42.000Z,46.88296,-0.71624,26,22870
2019-04-04T18:54:42.000Z,46.88296,-0.71624,26,22870
2019-04-04T18:54:47.000Z,46.882667,-0.716507,27,22900
2019-04-04T18:54:47.000Z,46.882667,-0.716507,27,22900
2019-04-04T18:54:47.000Z,46.882667,-0.716507,27,22900
2019-04-04T18:54:52.000Z,46.882667,-0.716507,27,22900
2019-04-04T18:54:52.000Z,46.882667,-0.716507,27,22900
2019-04-04T18:54:52.000Z,46.882667,-0.716507,27,22900
2019-04-04T18:55:06.000Z,46.881733,-0.7173069999999999,27,22910
2019-04-04T18:55:06.000Z,46.881733,-0.7173069999999999,27,22910
2019-04-04T18:55:06.000Z,46.881733,-0.7173069999999999,27,22910
2019-04-04T18:55:10.000Z,46.881733,-0.7173069999999999,27,22910
2019-04-04T18:55:10.000Z,46.881733,-0.7173069999999999,27,22910
2019-04-04T18:55:10.000Z,46.881733,-0.7173069999999999,27,22910
2019-04-04T18:55:18.000Z,46.881093,-0.717893,27,22860
2019-04-04T18:55:18.000Z,46.881093,-0.717893,27,22860
2019-04-04T18:55:18.000Z,46.881093,-0.717893,27,22860
2019-04-04T18:55:34.000Z,46.880533,-0.7183729999999999,27,22890
2019-04-04T18:55:34.000Z,46.880533,-0.7183729999999999,27,22890
2019-04-04T18:55:34.000Z,46.880533,-0.7183729999999999,27,22890
2019-04-04T18:56:10.000Z,46.87872,-0.719973,27,22840
2019-04-04T18:56:10.000Z,46.87872,-0.719973,27,22840
2019-04-04T18:56:10.000Z,46.87872,-0.719973,27,22840
2019-04-04T18:56:17.000Z,46.878347,-0.7202930000000001,27,22910
2019-04-04T18:56:17.000Z,46.878347,-0.7202930000000001,27,22910
2019-04-04T18:56:17.000Z,46.878347,-0.7202930000000001,27,22910
2019-04-04T18:56:29.000Z,46.877733,-0.720827,27,22860
2019-04-04T18:56:29.000Z,46.877733,-0.720827,27,22860
2019-04-04T18:56:35.000Z,46.877493,-0.72104,27,22870
2019-04-04T18:56:35.000Z,46.877493,-0.72104,27,22870
2019-04-04T18:56:29.000Z,46.877733,-0.720827,27,22860
2019-04-04T18:56:35.000Z,46.877493,-0.72104,27,22870
2019-04-04T18:56:42.000Z,46.87688,-0.7216,27,22860
2019-04-04T18:56:42.000Z,46.87688,-0.7216,27,22860
2019-04-04T18:56:42.000Z,46.87688,-0.7216,27,22860
2019-04-04T18:57:28.000Z,46.874773,-0.723493,27,22790
2019-04-04T18:57:28.000Z,46.874773,-0.723493,27,22790
2019-04-04T18:57:28.000Z,46.874773,-0.723493,27,22790
2019-04-04T18:57:52.000Z,46.87352,-0.7246130000000001,27,22800
2019-04-04T18:57:52.000Z,46.87352,-0.7246130000000001,27,22800
2019-04-04T18:57:52.000Z,46.87352,-0.7246130000000001,27,22800
2019-04-04T18:58:05.000Z,46.872907,-0.725173,27,22840
2019-04-04T18:58:05.000Z,46.872907,-0.725173,27,22840
2019-04-04T18:58:05.000Z,46.872907,-0.725173,27,22840
2019-04-04T18:58:41.000Z,46.871093,-0.7268,27,22810
2019-04-04T18:58:41.000Z,46.871093,-0.7268,27,22810
2019-04-04T18:58:41.000Z,46.871093,-0.7268,27,22810
2019-04-04T18:58:46.000Z,46.870853,-0.727013,27,22850
2019-04-04T18:58:46.000Z,46.870853,-0.727013,27,22850
2019-04-04T18:58:46.000Z,46.870853,-0.727013,27,22850
2019-04-04T18:58:53.000Z,46.870507,-0.727333,27,22770
2019-04-04T18:58:53.000Z,46.870507,-0.727333,27,22770
2019-04-04T18:58:59.000Z,46.870213,-0.727627,27,22810
2019-04-04T18:58:59.000Z,46.870213,-0.727627,27,22810
2019-04-04T18:58:59.000Z,46.870213,-0.727627,27,22810
2019-04-04T18:58:53.000Z,46.870507,-0.727333,27,22770
2019-04-04T18:59:05.000Z,46.86992,-0.727893,27,22780
2019-04-04T18:59:05.000Z,46.86992,-0.727893,27,22780
2019-04-04T18:59:05.000Z,46.86992,-0.727893,27,22780
2019-04-04T18:59:20.000Z,46.869372,-0.728377,27,22780
2019-04-04T18:59:20.000Z,46.869372,-0.728377,27,22780
2019-04-04T18:59:20.000Z,46.869372,-0.728377,27,22780
2019-04-04T19:01:16.000Z,46.86336,-0.733813,27,22840
2019-04-04T19:01:16.000Z,46.86336,-0.733813,27,22840
2019-04-04T19:01:16.000Z,46.86336,-0.733813,27,22840
2019-04-04T19:01:23.000Z,46.862987,-0.734133,27,22760
2019-04-04T19:01:23.000Z,46.862987,-0.734133,27,22760
2019-04-04T19:01:23.000Z,46.862987,-0.734133,27,22760
2019-04-04T19:03:24.000Z,46.8564,-0.740053,26,22740
2019-04-04T19:03:24.000Z,46.8564,-0.740053,26,22740
2019-04-04T19:03:24.000Z,46.8564,-0.740053,26,22740
2019-04-04T19:05:02.000Z,46.85222,-0.7438319999999999,27,22830
2019-04-04T19:05:02.000Z,46.85222,-0.7438319999999999,27,22830
2019-04-04T19:05:02.000Z,46.85222,-0.7438319999999999,27,22830
2019-04-04T19:07:06.000Z,46.845493,-0.7498130000000001,27,22840
2019-04-04T19:07:06.000Z,46.845493,-0.7498130000000001,27,22840
2019-04-04T19:07:06.000Z,46.845493,-0.7498130000000001,27,22840
2019-04-04T19:07:25.000Z,46.844587,-0.75064,27,22830
2019-04-04T19:07:25.000Z,46.844587,-0.75064,27,22830
2019-04-04T19:07:25.000Z,46.844587,-0.75064,27,22830
2019-04-04T19:10:38.000Z,46.835372,-0.759042,27,22770
2019-04-04T19:10:38.000Z,46.835372,-0.759042,27,22770
2019-04-04T19:10:38.000Z,46.835372,-0.759042,27,22770
2019-04-04T19:14:15.000Z,46.824173,-0.769068,27,22880
2019-04-04T19:14:15.000Z,46.824173,-0.769068,27,22880
2019-04-04T19:14:15.000Z,46.824173,-0.769068,27,22880
2019-04-04T19:15:04.000Z,46.821702,-0.771278,27,22850
2019-04-04T19:15:04.000Z,46.821702,-0.771278,27,22850
2019-04-04T19:15:04.000Z,46.821702,-0.771278,27,22850
2019-04-04T19:16:04.000Z,46.818677,-0.773982,27,22800
2019-04-04T19:16:04.000Z,46.818677,-0.773982,27,22800
2019-04-04T19:16:04.000Z,46.818677,-0.773982,27,22800
2019-04-04T19:16:16.000Z,46.818132,-0.774502,27,22770
2019-04-04T19:16:16.000Z,46.818132,-0.774502,27,22770
2019-04-04T19:16:16.000Z,46.818132,-0.774502,27,22770
2019-04-04T19:17:34.000Z,46.814145,-0.778048,27,22890
2019-04-04T19:17:34.000Z,46.814145,-0.778048,27,22890
2019-04-04T19:17:34.000Z,46.814145,-0.778048,27,22890
2019-04-04T19:17:46.000Z,46.813542,-0.7785979999999999,27,22880
2019-04-04T19:17:46.000Z,46.813542,-0.7785979999999999,27,22880
2019-04-04T19:17:46.000Z,46.813542,-0.7785979999999999,27,22880
2019-04-04T19:17:52.000Z,46.813243,-0.778867,27,22840
2019-04-04T19:17:52.000Z,46.813243,-0.778867,27,22840
2019-04-04T19:17:52.000Z,46.813243,-0.778867,27,22840
2019-04-04T19:18:10.000Z,46.812327,-0.77968,27,22880
2019-04-04T19:18:10.000Z,46.812327,-0.77968,27,22880
2019-04-04T19:18:10.000Z,46.812327,-0.77968,27,22880
2019-04-04T19:18:22.000Z,46.811712,-0.780212,27,22840
2019-04-04T19:18:22.000Z,46.811712,-0.780212,27,22840
2019-04-04T19:18:22.000Z,46.811712,-0.780212,27,22840
2019-04-04T19:18:27.000Z,46.811458,-0.780428,27,22870
2019-04-04T19:18:27.000Z,46.811458,-0.780428,27,22870
2019-04-04T19:18:27.000Z,46.811458,-0.780428,27,22870
2019-04-04T19:18:34.000Z,46.81111,-0.7807470000000001,27,22880
2019-04-04T19:18:34.000Z,46.81111,-0.7807470000000001,27,22880
2019-04-04T19:18:34.000Z,46.81111,-0.7807470000000001,27,22880
2019-04-04T19:19:22.000Z,46.808677,-0.78291,27,22910
2019-04-04T19:19:22.000Z,46.808677,-0.78291,27,22910
2019-04-04T19:19:22.000Z,46.808677,-0.78291,27,22910
2019-04-04T19:19:46.000Z,46.807462,-0.783998,27,22840
2019-04-04T19:19:46.000Z,46.807462,-0.783998,27,22840
2019-04-04T19:19:46.000Z,46.807462,-0.783998,27,22840
2019-04-04T19:20:58.000Z,46.80383,-0.78718,27,22890
2019-04-04T19:20:58.000Z,46.80383,-0.78718,27,22890
2019-04-04T19:20:58.000Z,46.80383,-0.78718,27,22890
2019-04-04T19:21:04.000Z,46.803532,-0.787445,27,22840
2019-04-04T19:21:04.000Z,46.803532,-0.787445,27,22840
2019-04-04T19:21:04.000Z,46.803532,-0.787445,27,22840
2019-04-04T19:21:22.000Z,46.802578,-0.788305,27,22860
2019-04-04T19:21:22.000Z,46.802578,-0.788305,27,22860
2019-04-04T19:21:22.000Z,46.802578,-0.788305,27,22860
2019-04-04T19:21:28.000Z,46.80226,-0.788573,27,22820
2019-04-04T19:21:28.000Z,46.80226,-0.788573,27,22820
2019-04-04T19:21:28.000Z,46.80226,-0.788573,27,22820
2019-04-04T19:21:46.000Z,46.80135300000001,-0.7894,27,22860
2019-04-04T19:21:46.000Z,46.80135300000001,-0.7894,27,22860
2019-04-04T19:21:46.000Z,46.80135300000001,-0.7894,27,22860
2019-04-04T19:23:29.000Z,46.796243,-0.794087,27,22730
2019-04-04T19:23:29.000Z,46.796243,-0.794087,27,22730
2019-04-04T19:23:29.000Z,46.796243,-0.794087,27,22730
2019-04-04T19:25:10.000Z,46.79144,-0.79848,27,22810
2019-04-04T19:25:10.000Z,46.79144,-0.79848,27,22810
2019-04-04T19:25:10.000Z,46.79144,-0.79848,27,22810
2019-04-04T19:25:26.000Z,46.7908,-0.799067,27,22840
2019-04-04T19:25:26.000Z,46.7908,-0.799067,27,22840
2019-04-04T19:25:26.000Z,46.7908,-0.799067,27,22840
2019-04-04T19:26:56.000Z,46.78624,-0.8032,27,22740
2019-04-04T19:27:02.000Z,46.785947,-0.803467,27,22700
2019-04-04T19:26:56.000Z,46.78624,-0.8032,27,22740
2019-04-04T19:26:56.000Z,46.78624,-0.8032,27,22740
2019-04-04T19:27:02.000Z,46.785947,-0.803467,27,22700
2019-04-04T19:27:02.000Z,46.785947,-0.803467,27,22700
2019-04-04T19:27:34.000Z,46.78416,-0.8051729999999999,27,22680
2019-04-04T19:27:34.000Z,46.78416,-0.8051729999999999,27,22680
2019-04-04T19:27:34.000Z,46.78416,-0.8051729999999999,27,22680
2019-04-04T19:27:57.000Z,46.783253,-0.8059999999999999,27,22720
2019-04-04T19:27:57.000Z,46.783253,-0.8059999999999999,27,22720
2019-04-04T19:27:57.000Z,46.783253,-0.8059999999999999,27,22720
2019-04-04T19:28:03.000Z,46.78296,-0.806267,27,22730
2019-04-04T19:28:03.000Z,46.78296,-0.806267,27,22730
2019-04-04T19:28:03.000Z,46.78296,-0.806267,27,22730
2019-04-04T19:28:39.000Z,46.780907,-0.80816,27,22720
2019-04-04T19:28:39.000Z,46.780907,-0.80816,27,22720
2019-04-04T19:28:39.000Z,46.780907,-0.80816,27,22720
2019-04-04T19:28:44.000Z,46.780907,-0.80816,27,22720
2019-04-04T19:28:44.000Z,46.780907,-0.80816,27,22720
2019-04-04T19:28:44.000Z,46.780907,-0.80816,27,22720
2019-04-04T19:29:03.000Z,46.779947,-0.80904,27,22820
2019-04-04T19:29:03.000Z,46.779947,-0.80904,27,22820
2019-04-04T19:29:03.000Z,46.779947,-0.80904,27,22820
2019-04-04T19:30:02.000Z,46.776907,-0.811813,27,22790
2019-04-04T19:30:02.000Z,46.776907,-0.811813,27,22790
2019-04-04T19:30:02.000Z,46.776907,-0.811813,27,22790
2019-04-04T19:30:38.000Z,46.774827,-0.8136800000000001,27,22790
2019-04-04T19:30:38.000Z,46.774827,-0.8136800000000001,27,22790
2019-04-04T19:30:38.000Z,46.774827,-0.8136800000000001,27,22790
2019-04-04T19:30:43.000Z,46.774827,-0.8136800000000001,27,22790
2019-04-04T19:30:43.000Z,46.774827,-0.8136800000000001,27,22790
2019-04-04T19:30:43.000Z,46.774827,-0.8136800000000001,27,22790
2019-04-04T19:30:50.000Z,46.774453,-0.8140270000000001,27,22850
2019-04-04T19:30:50.000Z,46.774453,-0.8140270000000001,27,22850
2019-04-04T19:30:50.000Z,46.774453,-0.8140270000000001,27,22850
2019-04-04T19:31:02.000Z,46.77384,-0.8145600000000001,27,22810
2019-04-04T19:31:02.000Z,46.77384,-0.8145600000000001,27,22810
2019-04-04T19:31:07.000Z,46.7736,-0.8148,27,22840
2019-04-04T19:31:07.000Z,46.7736,-0.8148,27,22840
2019-04-04T19:31:02.000Z,46.77384,-0.8145600000000001,27,22810
2019-04-04T19:31:07.000Z,46.7736,-0.8148,27,22840
2019-04-04T19:31:25.000Z,46.77264,-0.815653,27,22800
2019-04-04T19:31:25.000Z,46.77264,-0.815653,27,22800
2019-04-04T19:31:25.000Z,46.77264,-0.815653,27,22800
2019-04-04T19:31:49.000Z,46.771413,-0.816773,27,22800
2019-04-04T19:31:49.000Z,46.771413,-0.816773,27,22800
2019-04-04T19:31:49.000Z,46.771413,-0.816773,27,22800
2019-04-04T19:32:10.000Z,46.770187,-0.817867,27,22830
2019-04-04T19:32:10.000Z,46.770187,-0.817867,27,22830
2019-04-04T19:32:10.000Z,46.770187,-0.817867,27,22830
2019-04-04T19:32:14.000Z,46.770187,-0.817867,27,22830
2019-04-04T19:32:14.000Z,46.770187,-0.817867,27,22830
2019-04-04T19:32:14.000Z,46.770187,-0.817867,27,22830
2019-04-04T19:33:14.000Z,46.767147,-0.8206129999999999,27,22750
2019-04-04T19:33:14.000Z,46.767147,-0.8206129999999999,27,22750
2019-04-04T19:33:14.000Z,46.767147,-0.8206129999999999,27,22750
2019-04-04T19:38:29.000Z,46.750747,-0.83536,27,22850
